4926 6180
702 649 747 718 dd
1293 653 1315 716 Ι.
1364 653 1388 716 1.
1435 653 1642 718 Hills

704 877 809 930 renes
840 853 982 954 optimi!
1019 853 1141 930 eodem
1178 864 1302 954 ceptus
1335 856 1468 956 petrino
1503 856 1699 932 carissimus
1729 881 1844 932 umore
1875 856 2040 954 dinque
2074 879 2223 930 memor:

707 975 766 1048 »Si
800 974 850 1050 ris
879 998 1024 1072 puceu,
1052 999 1134 1070 pure
1167 975 1341 1050 bellum!”
1379 975 1517 1052 Lsudst
1542 1001 1620 1050 vero
1644 976 1748 1050 etism
1772 985 1809 1050 et
1831 975 2014 1073 applaudit
2039 975 2226 1049 hntirsimc

703 1093 874 1189 virgiuum
899 1115 1042 1178 coruum
1068 1117 1087 1166 e
1111 1117 1259 1190 quarum
1283 1095 1446 1172 munibus
1467 1119 1546 1170 mor
1571 1094 1679 1170 Vobis
1699 1095 1884 1170 solenniter
1908 1095 2064 1168 trudetur
2087 1096 2229 1193 elegans

703 1213 886 1298 vexillum,
909 1237 976 1288 scu
1001 1213 1155 1308 pictum,
1181 1238 1273 1312 quo,
1297 1215 1326 1286 si
1351 1237 1504 1312 unquam
1529 1239 1595 1312 pro
1616 1213 1687 1288 sris
1708 1239 1747 1288 oe
1768 1213 1854 1288 iocis
1880 1214 2118 1288 dimicandum
2140 1214 2224 1300 crit,

700 1335 745 1406 ed
778 1330 956 1408 victoriam
986 1331 1173 1408 ducamini.
1224 1334 1316 1411 Sunt
1345 1334 1423 1409 illse
1453 1359 1576 1408 omnes
1599 1333 1834 1407 Professorum
1864 1334 2091 1410 leidensiunr
2114 1333 2228 1418 mim·

703 1461 740 1522 et
762 1449 842 1524 hine
864 1475 1004 1547 qrsoque
1025 1463 1188 1548 epperet,
1220 1463 1431 1552 quantopere
1455 1463 1567 1526 vestre
1592 1452 1708 1528 studis
1734 1453 1881 1550 probent
1906 1452 2121 1526 Professores
2148 1451 2224 1524 Lei·

701 1569 837 1644 denses
875 1569 947 1644 Vos
967 1581 1085 1644 entem
1113 1596 1178 1668 ego
1197 1571 1357 1644 eolsudo
1377 1571 1587 1668 impensius,
1613 1594 1684 1667 quo
1706 1571 1817 1666 meg'u
1840 1569 1904 1644 hoc
1925 1593 2017 1644 suno
2042 1569 2226 1666 praeterite

698 1698 917 1786 compertum
949 1689 1081 1776 hebui,
1111 1691 1206 1788 apud
1237 1689 1311 1764 Vos
1338 1691 1429 1764 inter
1461 1715 1556 1764 arms
1584 1690 1710 1762 Musus
1740 1711 1808 1762 non
1841 1687 1951 1764 silere.
2012 1687 2113 1762 Vidit
2136 1689 2225 1760 Acr-

701 1805 816 1881 dcmis
843 1808 1090 1904 Groniogsos,
1120 1810 1220 1884 onius
1252 1819 1324 1884 eret
1349 1810 1393 1882 de
1420 1808 1617 1882 coneminis
1639 1807 1780 1882 litcrsmi
1801 1807 1898 1882 exitu
1919 1805 2089 1880 iudicium
2117 1805 2226 1892 lerre,

699 1925 795 2002 buud
827 1928 942 2000 minus
973 1953 1076 2023 qunm
1101 1941 1250 2024 quotuor
1278 1955 1320 2002 er
1354 1929 1565 2002 Academiae
1593 1937 1729 2000 nostrec
1754 1926 1888 2000 civibus
1916 1926 2070 1999 victores.
2123 1925 2225 1998 Prse·

700 2045 811 2118 mium
843 2057 1061 2142 reportarunt
1088 2048 1300 2120 ornatissimi
1333 2047 1492 2146 Hnrtogh
1528 2047 1627 2143 Heys
1652 2071 1717 2120 ven
1744 2045 1959 2132 Zoutereeu,
1991 2047 2100 2118 Auser
2122 2053 2158 2116 et
2182 2044 2228 2116 de

700 2163 841 2249 Steurs;
879 2165 1070 2240 industriae
1106 2169 1343 2242 testimonium
1376 2168 1508 2266 occepit
1542 2168 1700 2239 Rumeer.
1753 2163 1822 2236 His
1854 2163 2052 2260 nuperrime
2083 2163 2227 2236 sccoesit

698 2283 940 2360 ornatissimus
964 2286 1115 2374 Schoor,
1141 2313 1245 2384 quem
1270 2287 1407 2384 publice
1430 2287 1615 2360 lsudnrunt
1638 2283 1849 2356 Professores
1872 2283 2224 2356 Amstelodsmenses.

700 2401 849 2500 Egregie
887 2404 949 2478 bos
980 2405 1030 2478 ite
1060 2407 1173 2480 ulmus
1206 2407 1326 2480 metris
1359 2406 1501 2503 glorium
1539 2403 1744 2478 stabilivisse
1778 2401 1956 2476 lestumnr.
2024 2399 2096 2472 Sed
2127 2424 2224 2486 eme,

700 2521 817 2594 denuo
848 2523 999 2610 adsunt,
1029 2525 1107 2598 lieet
1138 2527 1314 2622 pauciores
1341 2549 1445 2621 quem
1474 2523 1594 2598 vellem
1624 2546 1786 2608 numero,
1821 2521 1887 2616 qui
1908 2519 2065 2618 preemis
2088 2543 2223 2592 merue-

697 2649 801 2725 runt,
826 2642 1066 2737 augustissimi
1088 2645 1196 2741 Regis
1213 2643 1417 2716 liberalitato
1436 2651 1565 2744 persta.
1614 2639 1800 2726 Audistis,
1827 2661 1977 2735 quaero,
2003 2637 2224 2710 minusculus·

699 2781 769 2854 que
792 2760 981 2836 lboultutis
1005 2763 1178 2836 iudicium
1200 2763 1247 2838 de
1269 2761 1465 2860 responsis,
1491 2761 1557 2832 sibi
1581 2759 1703 2834 ollulis.

746 3110 837 3190 Sunt
872 3137 955 3210 ergo
982 3112 1052 3186 dno
1084 3121 1222 3190 tontum
1250 3141 1270 3190 e
1294 3114 1587 3190 commilitonibus
1610 3113 1735 3187 nostris
1758 3113 1910 3211 proemio
1930 3110 2100 3198 ornandi,
2128 3117 2218 3182 uter·

698 3253 766 3325 quc
802 3241 918 3307 temen
953 3233 1194 3309 meritissimus
1226 3243 1262 3310 et
1292 3235 1329 3310 in
1360 3233 1547 3310 certamine
1572 3233 1724 3306 literario
1752 3232 1820 3308 ism
1846 3241 1950 3308 untes
1978 3229 2120 3304 leudem
2143 3251 2222 3300 oon·

698 3357 860 3436 moetus.
900 3350 985 3428 alter
1027 3365 1107 3427 eote
1145 3353 1207 3426 bos
1242 3353 1330 3426 duos
1366 3354 1436 3428 lere
1473 3377 1581 3428 sonos
1612 3351 1811 3437 Ultruiecti,
1847 3347 2105 3426 Amstclodsmi
2139 3348 2224 3423 ulter

698 3468 906 3563 nuperrime.

659 3645 663 3654 .
748 3587 933 3674 Acceditc,
967 3589 1182 3668 ornatissimi
1209 3591 1400 3666 Bleckrode
1431 3599 1467 3662 et
1497 3589 1644 3664 Soboorl
1672 3599 1735 3675 ut,
1765 3613 1807 3662 er
1829 3589 1936 3685 Regis
1962 3587 2169 3663 auctoritate
2189 3595 2225 3658 et

700 3707 960 3795 munificentie,
1005 3708 1114 3784 Vobis
1155 3733 1196 3784 ce
1235 3710 1392 3796 medem,
1431 3733 1521 3806 quse
1563 3707 1756 3789 meruistis.
1798 3706 1933 3782 virtutis
1973 3716 2011 3780 et
2048 3703 2224 3778 doctrines

698 3826 868 3918 praemisi

750 3943 838 4029 Vos,
867 3946 1018 4020 quenes
1037 3946 1176 4043 optimil
1204 3948 1309 4022 mesti
1333 3949 1460 4022 virtute
1480 3955 1589 4022 estote
1613 3953 1648 4020 et
1670 3945 1781 4030 hisee,
1806 3967 1894 4039 quos
1917 3942 2095 4018 consecuti
2119 3939 2224 4024 estis,

698 4061 886 4138 homnibus
918 4067 964 4140 ed
1001 4067 1166 4140 continuo
1199 4069 1329 4142 mnioro
1362 4068 1512 4166 petendu
1545 4065 1752 4140 incitemini!
1787 4061 1917 4136 Funus
1938 4061 1984 4134 ud
2006 4060 2101 4136 lnsruc
2128 4058 2225 4132 diem

697 4185 904 4260 summias
931 4197 1070 4260 nostroe
1092 4187 1214 4262 decore
1240 4198 1276 4260 ct
1298 4195 1508 4260 ornaments.
1560 4185 1645 4258 Mox
1671 4191 1809 4266 sotem,
1834 4179 1983 4278 persqtis
2012 4177 2159 4264 rtud'u's,
2185 4175 2225 4248 id

641 4319 653 4342 ⁸
698 4304 810 4396 agite,
848 4315 887 4380 ut
922 4305 1038 4392 bono,¹
1067 4331 1173 4403 quom
1201 4306 1244 4379 de
1273 4306 1380 4380 Vobis
1408 4307 1474 4404 ipsi
1500 4303 1677 4388 movistis,
1701 4299 1911 4396 exspectatio
1940 4299 2165 4372 confirmetur
2188 4302 2226 4368 et

699 4420 805 4498 besso
825 4423 994 4517 prinnitius
1020 4425 1109 4500 lueto
1133 4425 1320 4524 aliquando
1344 4433 1380 4499 ct
1405 4423 1578 4524 uberrime
1602 4419 1723 4494 messis
1749 4417 1934 4514 sequuturl

748 4657 905 4745 Videtis,
941 4660 1077 4758 Optimi
1105 4661 1377 4736 commilitones!
1411 4683 1516 4756 quom
1547 4657 1648 4730 dulce
1677 4655 1723 4728 sit
1751 4663 1786 4726 et
1813 4677 1925 4750 qnam.
1944 4651 2161 4736 ineundum,
2185 4650 2225 4725 in

697 4775 805 4854 nubili
835 4779 900 4854 buc
931 4780 1106 4878 pulsestrs
1127 4781 1280 4880 praemio
1307 4777 1532 4871 condecorari.
1583 4775 1674 4848 Nolo
1695 4773 1783 4846 lcsto
1805 4771 1862 4844 die
1887 4795 1947 4843 vos
1973 4769 2226 4866 reprehendere
