4926 6180
659 635 708 698 <ld
1248 625 1600 692 1.·1.Patss

662 839 828 940 spiritum
854 859 924 912 non
954 835 1196 920 mundanum,
1228 832 1291 906 sed
1314 857 1391 908 vere
1416 833 1594 921 divinum,
1620 855 1691 930 quo
1712 851 1979 931 pernoscemus,
2005 839 2073 920 att,
2100 847 2189 930 qaae

662 961 702 1034 in
740 981 803 1033 nos
833 957 981 1032 emrtulit
1013 953 1181 1030 beneficia
1214 951 1376 1051 gratuite.
1439 953 1571 1027 Mentis
1602 952 1725 1026 oculos.
1753 951 1875 1026 endem
1903 952 1967 1026 hoc
1995 949 2191 1026 enllusnasi

664 1079 775 1152 noluit
794 1075 984 1174 sapienties
1007 1082 1042 1147 et
1067 1071 1221 1146 veritatis
1246 1070 1391 1168 spiritu,
1419 1080 1457 1144 ut
1478 1095 1581 1146 suem
1609 1071 1824 1170 aliorumque
1848 1093 1963 1144 rerssm
1994 1071 2189 1146 divinarum

668 1195 930 1297 intelligentiam
966 1199 1180 1293 promoveret
1210 1200 1245 1264 st
1276 1191 1383 1264 divini
1406 1191 1552 1278 amoris,
1577 1191 1613 1264 in
1635 1191 1776 1265 Christo
1800 1191 1997 1288 conspicui,
2024 1191 2188 1290 amplitu-

663 1317 784 1392 dinem
812 1314 879 1387 sibi
901 1311 1112 1410 eripior-stam
1141 1309 1293 1383 haberet
1344 1311 1400 1382 lta
1417 1310 1466 1384 ad
1489 1317 1683 1384 eudemum
1705 1335 1818 1409 usqne
1845 1312 2005 1409 spiritum
2031 1333 2190 1386 summus

665 1435 876 1534 Apostolus,
901 1433 1058 1506 omnium
1080 1431 1116 1504 in
1138 1430 1279 1504 ecclesia
1296 1430 1484 1504 sensuam
1503 1431 1710 1529 Theologiae
1728 1432 1907 1506 doctorum
1928 1431 2190 1529 antesignanus.

665 1559 699 1632 A
731 1555 832 1630 euius
869 1563 985 1626 mente
1021 1573 1089 1624 non
1120 1549 1273 1624 alienum
1311 1550 1417 1624 luisse
1450 1550 1649 1624 institutum
1673 1552 1760 1626 illud
1782 1551 2049 1650 philosophum,
2075 1551 2190 1648 quod,

666 1684 805 1751 eunom
842 1674 1039 1760 Pantanus,
1077 1671 1214 1744 merulo
1246 1671 1398 1744 secundo
1432 1671 1467 1744 in
1502 1680 1605 1746 coetu
1636 1671 1870 1760 Alexandrino
1904 1669 2058 1758 assitit,
2092 1669 2191 1744 facile

667 1796 737 1870 ianr
759 1792 962 1891 intelligitis.
998 1791 1156 1865 Scholam
1176 1790 1254 1864 dico
1274 1790 1538 1877 catecheticam,
1557 1791 1592 1864 iu
1612 1813 1702 1889 qua,
1727 1792 1863 1866 sacerdo
1882 1791 2002 1879 tertio,
2028 1790 2192 1864 omnibus

668 1911 982 2014 applaudentibus,
1015 1911 1133 1985 demit
1153 1912 1347 2010 Origenes,
1373 1912 1605 1986 Adamantius
1628 1913 1760 2002 dictrrs,
1786 1913 1937 1988 liberalis
1961 1913 2011 1986 vir
2035 1913 2191 2011 ingenii,

667 2033 881 2108 admirabilis
908 2032 1118 2118 industriae,
1150 2031 1325 2106 doetrinae
1348 2055 1426 2104 vera
1449 2034 1644 2130 stupendae
1668 2041 1703 2106 et
1725 2033 1805 2106 talis
1827 2032 1990 2120 omniuo,
2018 2043 2057 2106 ut
2082 2031 2190 2105 maxi·

668 2179 761 2230 mam
800 2155 835 2226 in
868 2152 1045 2227 ecclesiam
1082 2152 1293 2226 Orientalem
1330 2153 1398 2226 vim
1432 2153 1630 2226 exacuerit.
1682 2153 1941 2228 Praecessereat
1978 2151 2053 2238 alii,
2099 2151 2192 2226 inter

667 2299 759 2374 quos
780 2275 964 2360 Clemens,
997 2272 1109 2346 secuti
1132 2281 1217 2346 sunt
1242 2273 1378 2370 plures,
1410 2271 1520 2370 ipsius
1544 2272 1698 2370 vestigiis
1721 2272 1939 2360 insistentes,
1964 2295 2065 2348 nemo
2088 2296 2189 2370 supe·

670 2395 769 2469 ravit.
821 2395 942 2471 Quum
976 2415 1053 2464 vero
1086 2389 1286 2490 allegoricae
1315 2390 1480 2464 librorum
1513 2415 1685 2464 sociorum
1717 2391 1991 2488 interpretationi
2015 2391 2118 2465 nimis
2141 2391 2192 2464 illi

669 2515 912 2612 indulgerent,
944 2519 1062 2584 exorta
1089 2519 1145 2584 ost
1169 2511 1204 2584 in
1232 2510 1351 2608 Syria,
1378 2509 1514 2584 soeculo
1529 2518 1674 2608 'quarto,
1701 2509 1817 2583 schole
1840 2510 2075 2598 Antiocheae,
2102 2531 2192 2608 quas

671 2628 1108 2734 grammatico-historicam
1144 2630 1393 2730 interpretandi
1427 2630 1596 2703 rationem
1633 2638 1773 2704 strenue
1806 2642 2049 2728 propugnaret.
2100 2631 2193 2704 lau·

668 2755 796 2829 dantur
816 2777 858 2826 ex
877 2753 952 2826 cius
972 2751 1170 2824 doctoribus
1192 2763 1227 2822 et
1248 2749 1398 2824 alumnis
1420 2759 1566 2846 uterque
1585 2748 1805 2837 Theodorus,
1831 2749 1987 2847 inprimis
2009 2749 2192 2848 Mopsues-

665 2883 790 2960 teuus,
821 2871 994 2946 Iohannes
1020 2871 1307 2968 Chrysonomus,
1342 2869 1589 2942 Theodoretus.
1640 2869 1766 2942 Nescio
1785 2879 1923 2957 tamen,
1954 2893 1998 2943 en
2026 2893 2095 2944 non
2130 2891 2191 2944 no·

667 2994 771 3068 minis
795 2991 852 3066 sui
873 2989 1073 3064 celebritate
1098 2990 1248 3089 palmam
1274 2989 1318 3062 iis
1342 2989 1566 3088 praeripuerit
1588 2989 1624 3061 iu
1649 2989 1840 3064 Occidente
1867 2989 2108 3088 Augustinus,
2141 2985 2193 3062 vir

668 3111 908 3198 doctissimas,
935 3109 1134 3183 dialecticus
1160 3105 1253 3182 hand
1278 3108 1394 3182 minus
1419 3131 1525 3206 quom
1549 3107 1740 3206 practicus,
1765 3111 1801 3183 in
1822 3110 1956 3184 nunna
1982 3107 2190 3208 theologiae

668 3232 826 3333 partibus
851 3230 1122 3318 versatissimus,
1151 3230 1254 3304 cuius
1277 3236 1377 3302 tanta
1401 3227 1469 3301 fuit
1492 3227 1528 3302 in
1554 3229 1695 3304 ecclesia
1716 3231 1925 3318 auctoritas,
1957 3237 1999 3303 ut
2023 3230 2107 3306 haee
2130 3251 2192 3330 per

666 3354 778 3428 multa
807 3349 970 3448 deinceps
995 3350 1131 3424 saecule
1163 3373 1203 3423 eo
1236 3348 1402 3447 magistro
1426 3348 1630 3446 gloriaretur
1654 3358 1690 3424 et
1711 3351 1748 3423 in
1777 3351 1852 3425 eins
1874 3351 2000 3449 placite
2023 3375 2063 3426 ao
2087 3350 2191 3428 verba

669 3474 808 3547 inraret.
859 3471 1026 3568 Magnam
1054 3469 1161 3568 igitur
1183 3469 1376 3566 antiquitus
1404 3467 1511 3543 fuisse
1535 3469 1761 3569 Theologiaa,
1787 3470 1893 3544 libere
1918 3471 2093 3558 excultae,
2120 3471 2191 3544 vim

669 3601 705 3666 et
730 3593 885 3664 usumin
912 3590 1071 3677 ecclesia,
1102 3611 1171 3662 non
1195 3600 1267 3677 ast,
1298 3588 1393 3686 quod
1413 3585 1572 3686 pluribus
1594 3589 1838 3665 demonstrem.
1892 3591 1943 3664 lia
1968 3611 2047 3664 sero
2068 3583 2191 3688 pos'tes

668 3713 843 3810 neglecta,
884 3712 1163 3809 languescentem
1201 3709 1360 3782 ridemus
1398 3729 1531 3806 sueque
1566 3709 1600 3782 ri
1635 3710 1752 3784 nativa
1786 3711 1955 3810 privatam
1990 3710 2190 3799 ecelesiam,

671 3857 778 3931 quae,
804 3855 874 3930 quo
891 3832 1036 3906 elienior
1056 3831 1182 3904 sensim
1206 3855 1227 3904 a
1248 3827 1454 3926 Theologiae
1476 3829 1621 3916 studiis,
1647 3855 1688 3904 eo
1710 3831 1821 3930 magis
1842 3829 2079 3929 superstitiosa
2099 3830 2191 3904 sacta

670 3961 742 4040 est,
767 3951 969 4049 imperiosa,
994 3951 1181 4026 mundana.
1234 3947 1500 4048 Ingravescebat
1525 3949 1613 4038 ism,
1638 3949 1745 4024 eheul
1771 3949 1965 4026 animorum
1992 3949 2049 4024 ille
2075 3959 2191 4048 torpor

670 4081 704 4146 st
734 4071 875 4158 inertia,
905 4093 1011 4168 quam
1042 4071 1188 4170 sapienti
1217 4069 1381 4156 mulio,
1415 4078 1452 4143 nt
1477 4065 1626 4156 trustra,
1658 4068 1779 4168 fugare
1802 4077 1947 4144 comtes
1967 4078 2020 4144 est
2042 4070 2189 4144 Carolus

670 4193 834 4288 Magnus.
885 4191 1049 4266 lacessat
1069 4191 1203 4266 scholae
1224 4199 1282 4278 at,
1313 4188 1511 4287 refrigerato
1533 4189 1629 4264 omni
1651 4189 1825 4264 limarum
1848 4213 1986 4278 amore,
2009 4191 2191 4266 avolarunt

669 4311 813 4397 Musae,
840 4331 996 4408 novaque
1022 4311 1163 4384 tandem
1189 4309 1363 4384 barbaries
1384 4315 1525 4382 cunetas
1547 4308 1673 4384 invasit
1696 4318 1819 4407 gentes
1850 4311 2056 4408 Europaeos.
2091 4305 2193 4383 Nihil

670 4439 762 4516 eret,
786 4429 901 4502 medio
923 4453 1024 4518 aevo,
1049 4430 1212 4518 ecclesie,
1236 4430 1332 4528 Papa
1359 4429 1467 4516 duce,
1492 4427 1561 4501 nisi
1587 4425 1786 4504 institutum
1814 4429 1989 4529 qnoddem
2016 4429 2190 4528 paedogo-

669 4549 806 4648 gicum,
840 4573 910 4646 quo
930 4558 1096 4648 tanquam
1123 4552 1200 4648 lega
1224 4569 1386 4647 supreme
1408 4571 1528 4622 eorum
1553 4553 1766 4624 menecea
1791 4550 1994 4649 protervitas
2018 4557 2053 4624 et
2077 4565 2190 4648 usqae

669 4669 713 4744 sd
744 4677 892 4744 aetatem
926 4670 1135 4759 iuvenilem,
1173 4671 1247 4745 Deo
1276 4669 1499 4756 moderante,
1535 4667 1663 4742 sensim
1686 4675 1971 4768 praepararentur
1992 4669 2190 4769 intelligen-

669 4789 782 4866 tiores.
832 4791 879 4866 nt
911 4791 1038 4890 prodiit
1069 4791 1230 4878 tandem,
1263 4789 1417 4865 Lntherc
1445 4797 1481 4863 et
1513 4789 1757 4880 Melanthone,
1795 4789 1964 4888 Zninglio
1991 4798 2027 4864 et
2045 4789 2191 4866 Oalriuo
