4926 6180
894 697 1175 767 onarlo.
1781 697 1802 764 9

278 909 474 1009 praedicare
503 907 634 997 solent,
669 933 725 982 me
759 916 851 982 certe
876 932 945 982 non
978 907 1108 982 babent
1143 903 1612 1004 valderefragantem31ed
1643 905 1804 981 eeclesiae

273 1027 517 1114 Reformates,
555 1049 644 1124 quae
681 1026 771 1099 inter
807 1033 976 1100 nostrates
1008 1023 1298 1113 Protestantium,
1334 1025 1396 1124 qni
1429 1025 1610 1113 dicuntur,
1649 1025 1806 1124 sequitur

274 1145 466 1246 principie,
493 1145 596 1245 longa
620 1145 687 1220 alia
711 1143 798 1218 ratio
821 1153 883 1217 ast.
934 1144 1000 1218 Vel
1023 1145 1072 1219 sic
1097 1153 1213 1220 umen
1238 1153 1274 1218 et
1306 1143 1362 1218 bic
1396 1143 1484 1218 bena
1518 1144 1804 1244 distinguendum

275 1290 370 1352 esse,
408 1273 447 1338 ut
483 1263 572 1339 bene
612 1263 814 1350 doceamur,
852 1262 976 1337 lubens
1011 1288 1076 1364 ego
1110 1263 1281 1362 profiteor.
1334 1263 1490 1338 Multum
1522 1289 1639 1340 revera
1664 1266 1808 1340 interest

276 1385 427 1461 scholam
451 1385 541 1458 inter
566 1393 602 1458 et
626 1383 821 1471 ecclesiam,
860 1392 895 1456 et
922 1392 1068 1483 prosunt
1095 1383 1252 1482 utrique,
1289 1382 1350 1481 qui
1378 1382 1562 1482 diligenter
1586 1393 1727 1472 cavent,
1764 1410 1808 1459 ne

276 1505 467 1580 coalescant
505 1503 542 1578 in
578 1527 698 1578 unum.
750 1501 870 1576 Habet
907 1513 1053 1602 utraque
1088 1503 1182 1602 quod
1220 1502 1287 1578 sibi
1322 1503 1458 1601 privum
1492 1513 1562 1592 est,
1597 1512 1633 1577 et
1666 1505 1808 1580 diversis

276 1633 445 1724 reguntur
470 1622 668 1722 principiis,
695 1629 730 1696 et
755 1621 850 1696 aliud
879 1623 957 1711 illa,
993 1623 1088 1698 aliud
1118 1623 1202 1698 haec
1227 1623 1455 1721 persequitur.
1507 1623 1713 1698 Rectissime
1737 1649 1808 1698 mo·

277 1753 378 1832 nent,
405 1767 568 1842 quaerere
598 1739 749 1816 scholam
776 1741 812 1816 id
843 1746 942 1818 unice
964 1745 1059 1842 quod
1085 1767 1202 1817 verum
1227 1752 1297 1830 est,
1333 1743 1490 1841 illudque
1513 1769 1534 1817 a
1561 1743 1647 1816 falso
1671 1743 1810 1840 verique

278 1864 390 1962 specie
433 1864 555 1938 sedulo
590 1861 803 1962 distinguere
845 1864 980 1963 sibique
1022 1863 1203 1939 vindicare.
1255 1862 1502 1949 Obseruando,
1544 1863 1808 1962 perscrutando,

279 1983 477 2058 meditando
512 1983 548 2057 in
584 1983 741 2057 omnium
777 1984 923 2083 inquirit
960 2009 1078 2060 rernm
1108 1993 1266 2058 naturam
1293 1982 1535 2080 internamque
1561 1982 1745 2070 rationem,
1773 1993 1812 2056 ut

278 2103 508 2202 intelligatur,
546 2103 639 2176 unde
673 2109 708 2176 et
741 2102 825 2200 qaid
858 2103 949 2191 sint,
986 2103 1116 2201 quibus
1140 2127 1160 2175 e
1182 2101 1295 2176 causis
1320 2110 1434 2189 ortae,
1460 2101 1635 2199 quomodo
1660 2101 1750 2175 inter
1776 2126 1813 2174 se

278 2245 467 2310 munerea,
505 2245 671 2320 quorsum
701 2219 856 2294 urunt.
908 2220 1100 2294 Hominem
1140 2219 1255 2294 schola
1289 2221 1434 2309 excolit,
1476 2230 1648 2320 quatenus
1687 2221 1813 2294 intelli·

279 2341 397 2440 gentia
430 2348 464 2412 et
500 2341 631 2414 ratione
667 2339 845 2438 praeditus
877 2348 950 2428 est,
987 2363 1140 2437 eamque
1175 2339 1371 2438 pervarias
1404 2321 1610 2438 cognitionis
1645 2337 1815 2412 hnmanae

279 2472 395 2559 partes
416 2482 458 2532 eo
480 2459 621 2534 tandem
647 2459 832 2556 perducere
854 2467 1010 2546 conatur,
1040 2467 1078 2532 ut
1103 2483 1207 2558 supra
1230 2459 1373 2558 vulgum
1406 2457 1518 2558 sapiat
1550 2467 1586 2533 et
1619 2457 1813 2556 intelligen-

282 2581 349 2652 tior
371 2578 500 2652 sensim
530 2578 730 2675 doctiorque
752 2579 813 2652 fiat
836 2587 871 2651 et
893 2578 939 2651 ad
960 2587 1127 2678 angustos
1153 2578 1427 2676 uniuscuiusque
1461 2578 1623 2652 scientiae
1646 2577 1815 2652 cancellos

280 2697 531 2798 promovendos
553 2695 665 2770 indies
687 2696 808 2794 aptior.
847 2697 954 2774 Quod
977 2697 1021 2771 de
1044 2699 1224 2798 disciplina
1250 2697 1443 2797 theologica
1466 2697 1561 2772 haud
1582 2698 1698 2772 minus
1726 2697 1814 2772 valet

281 2842 385 2916 quam
421 2816 464 2890 de
492 2815 613 2914 quavis
645 2815 720 2889 alia.
774 2815 836 2890 Est
864 2816 958 2890 enim
993 2817 1181 2917 Theologin
1213 2844 1330 2892 revera
1364 2817 1564 2915 disciplina,
1599 2819 1735 2916 proprie
1768 2818 1816 2894 sic

282 2938 392 3025 dicta,
418 2959 508 3035 quae
532 2935 604 3009 suis
628 2935 703 3034 ipsa
730 2934 860 3010 viribus
885 2937 1025 3024 nititur,
1053 2937 1125 3010 suis
1148 2962 1167 3010 e
1194 2937 1373 3035 principiis
1396 2937 1544 3034 pendet,
1570 2961 1650 3012 suas
1674 2937 1711 3010 in
1739 2962 1815 3034 par·

284 3066 335 3133 tes
366 3055 533 3130 dividitur
557 3064 662 3152 atque
682 3053 727 3128 ad
749 3063 876 3130 certam
907 3056 1155 3155 definitumque
1184 3080 1341 3130 normam
1376 3055 1420 3130 ab
1453 3053 1617 3128 omnibus
1647 3055 1813 3129 excolitur

237 3185 243 3199 ‘
282 3176 455 3278 germanis
481 3174 659 3273 theologis.
711 3175 861 3274 Inquirit
884 3175 968 3252 haee
993 3176 1028 3251 in
1054 3177 1271 3276 religionem,
1297 3185 1333 3250 et
1355 3175 1391 3248 in
1421 3174 1624 3273 religionem
1650 3175 1813 3272 quidem,

284 3321 388 3394 quam
409 3297 631 3395 profitemur,
655 3294 898 3384 christianam,
919 3297 1047 3396 quippe
1065 3296 1296 3383 verissimam,
1318 3319 1464 3394 eamque
1483 3294 1674 3369 efontibus
1694 3319 1813 3368 eruere

284 3416 402 3490 studet
427 3424 462 3490 et
497 3414 603 3514 probe
636 3413 845 3514 intelligere,
879 3427 1037 3490 accurate
1071 3416 1264 3490 describere
1294 3439 1427 3513 suoque
1460 3413 1572 3513 pretio
1601 3423 1814 3502 aestumare,

283 3561 383 3636 porro
416 3535 485 3608 vim
522 3534 597 3608 eius
623 3533 807 3608 salutarem
841 3535 1017 3634 explorare
1050 3561 1197 3634 eamque
1232 3543 1485 3637 quantumpote
1518 3533 1732 3608 conformare
1766 3535 1811 3610 ad

285 3655 557 3753 uniuscuiusque
579 3654 721 3742 aetatis,
746 3655 860 3753 gentis
880 3656 1087 3754 generisque
1108 3681 1223 3732 nsum.
1258 3656 1344 3730 'Pam
1367 3654 1528 3728 historica
1548 3663 1604 3728 est
1626 3653 1814 3753 Theologia

285 3801 390 3876 qnam
414 3774 605 3874 exegetica,
631 3782 702 3848 tam
727 3775 877 3872 practica
901 3801 1004 3874 quam
1030 3775 1244 3876 dogmatica,
1270 3774 1467 3872 multasque
1496 3773 1564 3846 ribi
1585 3773 1623 3848 in
1646 3775 1813 3850 auxilium

286 3904 383 3970 vocat
403 3903 568 3992 cognatas
586 3893 802 3991 disciplinas,
828 3894 987 3992 inprimis
1008 3895 1201 3982 historicas,
1227 3894 1409 3981 literaries,
1431 3893 1666 3993 philosophas.
1693 3893 1813 3992 Longe

286 4041 365 4090 vcro
391 4015 463 4088 elia
485 4023 635 4088 sectatur
660 4013 822 4103 eeclesia,
847 4015 1049 4090 institutum
1080 4015 1167 4088 illud
1189 4014 1243 4088 bis
1267 4013 1302 4086 in
1330 4012 1428 4088 terris
1458 4013 1636 4102 divinum,
1671 4013 1814 4111 abipso

287 4134 425 4208 Christo
444 4158 514 4208 non
532 4134 727 4223 conditum,
749 4135 873 4224 fateor,
897 4137 958 4210 sed
979 4161 1022 4210 er
1041 4136 1116 4210 eius
1133 4159 1235 4234 opere
1250 4141 1372 4232 sponte
1393 4141 1508 4209 ortam
1529 4134 1673 4230 eiusque
1690 4133 1814 4231 spiritu

287 4279 364 4328 vere
387 4253 504 4328 diuino
525 4255 737 4343 animatum,
763 4279 833 4353 quo
853 4253 922 4328 vita
942 4254 978 4326 in
1002 4253 1200 4328 hominibus
1215 4251 1373 4350 religiosa
1393 4259 1428 4324 et
1450 4249 1607 4337 moralis,
1633 4250 1678 4324 ad
1698 4251 1813 4350 Ipsius

289 4373 543 4449 sanctissimum
568 4375 765 4473 exemplum
790 4360 1034 4471 summamque
1057 4373 1123 4448 Dei
1147 4373 1379 4460 voluntatem,
1414 4370 1600 4459 excolitur,
1634 4397 1655 4446 a
1682 4373 1812 4470 peccati

290 4493 448 4568 sordibus
486 4503 672 4594 purgatur,
710 4494 756 4568 ad
790 4519 893 4568 omne
927 4493 1058 4566 bonum
1089 4517 1129 4566 ac
1158 4493 1305 4566 coeleste
1338 4491 1557 4590 componitur
1587 4499 1623 4566 et
1651 4517 1812 4567 consum·
1911 4485 1917 4496 ’

289 4621 413 4690 matur.
464 4613 569 4688 Varia
590 4613 623 4687 ei
650 4620 787 4713 praesto
810 4621 913 4700 sunt,
950 4609 1078 4710 quibus
1112 4610 1241 4701 utitur,
1276 4610 1432 4686 subsidia
1457 4619 1493 4686 et
1518 4611 1747 4700 adminicula,
1774 4623 1813 4688 ut

290 4755 402 4806 reram
426 4733 628 4832 religionem
649 4733 719 4808 alat
737 4757 777 4807 ao
801 4742 941 4807 tueatur
964 4731 1108 4831 eiusque
1128 4731 1197 4806 vim
1220 4733 1390 4808 efficacem
1414 4741 1631 4830 promoveat,
1656 4740 1692 4806 et
1714 4757 1817 4808 omne

295 4875 406 4951 genas
436 4852 648 4942 humanum,
685 4851 753 4928 sibi
776 4853 1018 4941 commissum,
1056 4875 1118 4952 per
1152 4851 1220 4926 Dei
1250 4851 1528 4928 communionem
1563 4851 1609 4927 ad
1646 4875 1817 4928 summam

1643 4975 1667 5047 2
