<?xml version="1.0" encoding="UTF-8"?>
<!DOCTYPE html PUBLIC "-//W3C//DTD XHTML 1.0 Transitional//EN"
    "http://www.w3.org/TR/xhtml1/DTD/xhtml1-transitional.dtd">
<html xmlns="http://www.w3.org/1999/xhtml" xml:lang="en" lang="en">
 <head>
  <title>
</title>
<meta http-equiv="Content-Type" content="text/html;charset=utf-8" />
  <meta name='ocr-system' content='tesseract 3.04.00' />
  <meta name='ocr-capabilities' content='ocr_page ocr_carea ocr_par ocr_line ocrx_word'/>
</head>
<body>
  <div class='ocr_page' id='page_1' title='image "annalesacademic01unkngoog_0030.png"; bbox 0 0 4926 6180; ppageno 0'>
   <div class='ocr_carea' id='block_1_1' title="bbox 907 660 1804 767">
    <p class='ocr_par' dir='ltr' id='par_1_1' title="bbox 907 660 1804 767">
     <span class='ocr_line' id='line_1_1' title="bbox 907 660 1804 767; baseline -0.004 -37"><span class='ocrx_word' id='word_1_1' title='bbox 907 664 1182 732; x_wconf 79' lang='lat' dir='ltr'><strong>ossrro.</strong></span> <span class='ocrx_word' id='word_1_2' title='bbox 1367 763 1369 767; x_wconf 16' lang='grc' dir='ltr'>Ι</span> <span class='ocrx_word' id='word_1_3' title='bbox 1761 660 1804 727; x_wconf 81' lang='lat' dir='ltr'><strong>ss</strong></span> 
     </span>
    </p>
   </div>
   <div class='ocr_carea' id='block_1_2' title="bbox 280 869 1806 1572">
    <p class='ocr_par' dir='ltr' id='par_1_2' title="bbox 280 869 1806 1450">
     <span class='ocr_line' id='line_1_2' title="bbox 280 869 1806 971; baseline -0.004 -23"><span class='ocrx_word' id='word_1_4' title='bbox 280 874 482 948; x_wconf 83' lang='lat' dir='ltr'><strong>diuturnam</strong></span> <span class='ocrx_word' id='word_1_5' title='bbox 506 871 787 948; x_wconf 84' lang='lat' dir='ltr'><strong>coniunctionem</strong></span> <span class='ocrx_word' id='word_1_6' title='bbox 810 873 952 948; x_wconf 63' lang='lat' dir='ltr'><strong>ecohaeia</strong></span> <span class='ocrx_word' id='word_1_7' title='bbox 975 881 1011 946; x_wconf 91' lang='lat' dir='ltr'><strong>et</strong></span> <span class='ocrx_word' id='word_1_8' title='bbox 1034 872 1170 961; x_wconf 87' lang='lat' dir='ltr'><strong>schole,</strong></span> <span class='ocrx_word' id='word_1_9' title='bbox 1196 881 1344 971; x_wconf 80' lang='lat' dir='ltr'><strong>utusque</strong></span> <span class='ocrx_word' id='word_1_10' title='bbox 1366 871 1589 946; x_wconf 82' lang='lat' dir='ltr'><strong>subvertetur</strong></span> <span class='ocrx_word' id='word_1_11' title='bbox 1615 895 1655 944; x_wconf 89' lang='lat' dir='ltr'><strong>ac</strong></span> <span class='ocrx_word' id='word_1_12' title='bbox 1676 869 1806 943; x_wconf 82' lang='lat' dir='ltr'><strong>misere·</strong></span> 
     </span>
     <span class='ocr_line' id='line_1_3' title="bbox 280 989 1800 1094; baseline -0.003 -26"><span class='ocrx_word' id='word_1_13' title='bbox 280 1003 419 1094; x_wconf 64' lang='lat' dir='ltr'><strong>pared,</strong></span> <span class='ocrx_word' id='word_1_14' title='bbox 453 1000 545 1068; x_wconf 76' lang='lat' dir='ltr'><strong>arere</strong></span> <span class='ocrx_word' id='word_1_15' title='bbox 571 1015 651 1065; x_wconf 80' lang='lat' dir='ltr'><strong>raro</strong></span> <span class='ocrx_word' id='word_1_16' title='bbox 673 991 898 1080; x_wconf 85' lang='lat' dir='ltr'><strong>coniunctae,</strong></span> <span class='ocrx_word' id='word_1_17' title='bbox 930 994 1018 1068; x_wconf 88' lang='lat' dir='ltr'><strong>laete</strong></span> <span class='ocrx_word' id='word_1_18' title='bbox 1040 993 1254 1068; x_wconf 85' lang='lat' dir='ltr'><strong>efflorescant</strong></span> <span class='ocrx_word' id='word_1_19' title='bbox 1276 1002 1311 1067; x_wconf 83' lang='lat' dir='ltr'><strong>st</strong></span> <span class='ocrx_word' id='word_1_20' title='bbox 1337 993 1488 1092; x_wconf 90' lang='lat' dir='ltr'><strong>optimae</strong></span> <span class='ocrx_word' id='word_1_21' title='bbox 1511 989 1668 1089; x_wconf 80' lang='lat' dir='ltr'><strong>religioni</strong></span> <span class='ocrx_word' id='word_1_22' title='bbox 1691 1000 1800 1064; x_wconf 83' lang='lat' dir='ltr'><strong>oeste-</strong></span> 
     </span>
     <span class='ocr_line' id='line_1_4' title="bbox 280 1110 1805 1212; baseline -0.003 -24"><span class='ocrx_word' id='word_1_23' title='bbox 280 1116 343 1188; x_wconf 89' lang='lat' dir='ltr'><strong>tim</strong></span> <span class='ocrx_word' id='word_1_24' title='bbox 379 1111 544 1212; x_wconf 73' lang='lat' dir='ltr'><strong>pudesse</strong></span> <span class='ocrx_word' id='word_1_25' title='bbox 579 1121 734 1210; x_wconf 78' lang='lat' dir='ltr'><strong>pergant</strong></span> <span class='ocrx_word' id='word_1_26' title='bbox 788 1113 1004 1212; x_wconf 88' lang='lat' dir='ltr'><strong>Sperandum</strong></span> <span class='ocrx_word' id='word_1_27' title='bbox 1038 1137 1120 1188; x_wconf 85' lang='lat' dir='ltr'><strong>sane</strong></span> <span class='ocrx_word' id='word_1_28' title='bbox 1146 1121 1217 1202; x_wconf 88' lang='lat' dir='ltr'><strong>eet,</strong></span> <span class='ocrx_word' id='word_1_29' title='bbox 1251 1123 1291 1187; x_wconf 89' lang='lat' dir='ltr'><strong>ut</strong></span> <span class='ocrx_word' id='word_1_30' title='bbox 1324 1137 1505 1211; x_wconf 87' lang='lat' dir='ltr'><strong>nunquam</strong></span> <span class='ocrx_word' id='word_1_31' title='bbox 1538 1110 1805 1209; x_wconf 83' lang='lat' dir='ltr'><strong>disrumpantur</strong></span> 
     </span>
     <span class='ocr_line' id='line_1_5' title="bbox 280 1231 1800 1330; baseline -0.002 -22"><span class='ocrx_word' id='word_1_32' title='bbox 280 1234 385 1320; x_wconf 87' lang='lat' dir='ltr'><strong>haec,</strong></span> <span class='ocrx_word' id='word_1_33' title='bbox 420 1231 550 1330; x_wconf 78' lang='lat' dir='ltr'><strong>quibes</strong></span> <span class='ocrx_word' id='word_1_34' title='bbox 582 1240 762 1320; x_wconf 86' lang='lat' dir='ltr'><strong>tenentur,</strong></span> <span class='ocrx_word' id='word_1_35' title='bbox 798 1233 953 1321; x_wconf 85' lang='lat' dir='ltr'><strong>vincula,</strong></span> <span class='ocrx_word' id='word_1_36' title='bbox 990 1257 1054 1306; x_wconf 89' lang='lat' dir='ltr'><strong>neo</strong></span> <span class='ocrx_word' id='word_1_37' title='bbox 1089 1233 1135 1306; x_wconf 88' lang='lat' dir='ltr'><strong>sit</strong></span> <span class='ocrx_word' id='word_1_38' title='bbox 1163 1233 1239 1308; x_wconf 86' lang='lat' dir='ltr'><strong>sine</strong></span> <span class='ocrx_word' id='word_1_39' title='bbox 1274 1233 1392 1307; x_wconf 76' lang='lat' dir='ltr'><strong>schola</strong></span> <span class='ocrx_word' id='word_1_40' title='bbox 1425 1231 1566 1307; x_wconf 88' lang='lat' dir='ltr'><strong>ecclesia</strong></span> <span class='ocrx_word' id='word_1_41' title='bbox 1595 1231 1800 1319; x_wconf 77' lang='lat' dir='ltr'><strong>christiana,</strong></span> 
     </span>
     <span class='ocr_line' id='line_1_6' title="bbox 280 1349 1411 1450; baseline -0.004 -22"><span class='ocrx_word' id='word_1_42' title='bbox 280 1378 344 1442; x_wconf 82' lang='lat' dir='ltr'><strong>nec</strong></span> <span class='ocrx_word' id='word_1_43' title='bbox 367 1353 441 1427; x_wconf 87' lang='lat' dir='ltr'><strong>sine</strong></span> <span class='ocrx_word' id='word_1_44' title='bbox 466 1349 631 1439; x_wconf 78' lang='lat' dir='ltr'><strong>ecclesia,</strong></span> <span class='ocrx_word' id='word_1_45' title='bbox 656 1352 713 1425; x_wconf 89' lang='lat' dir='ltr'><strong>cni</strong></span> <span class='ocrx_word' id='word_1_46' title='bbox 737 1350 941 1450; x_wconf 76' lang='lat' dir='ltr'><strong>prospiciat,</strong></span> <span class='ocrx_word' id='word_1_47' title='bbox 968 1351 1083 1426; x_wconf 83' lang='lat' dir='ltr'><strong>schola</strong></span> <span class='ocrx_word' id='word_1_48' title='bbox 1107 1375 1184 1425; x_wconf 89' lang='lat' dir='ltr'><strong>vere</strong></span> <span class='ocrx_word' id='word_1_49' title='bbox 1209 1351 1411 1450; x_wconf 80' lang='lat' dir='ltr'><strong>theologica</strong></span> 
     </span>
    </p>

    <p class='ocr_par' dir='ltr' id='par_1_3' title="bbox 327 1464 1442 1572">
     <span class='ocr_line' id='line_1_7' title="bbox 327 1464 1442 1572; baseline -0.004 -21"><span class='ocrx_word' id='word_1_50' title='bbox 327 1470 377 1551; x_wconf 82' lang='grc' dir='ltr'><strong>’Ὁ</strong></span> <span class='ocrx_word' id='word_1_51' title='bbox 400 1464 470 1550; x_wconf 74' lang='grc' dir='ltr'><strong>οὖν</strong></span> <span class='ocrx_word' id='word_1_52' title='bbox 494 1475 517 1548; x_wconf 90' lang='grc' dir='ltr'><strong>ὁ</strong></span> <span class='ocrx_word' id='word_1_53' title='bbox 547 1473 640 1558; x_wconf 69' lang='grc' dir='ltr'><strong>θεὸς</strong></span> <span class='ocrx_word' id='word_1_54' title='bbox 662 1477 902 1565; x_wconf 73' lang='grc' dir='ltr'><strong>συνέζευξεν,</strong></span> <span class='ocrx_word' id='word_1_55' title='bbox 930 1472 1134 1570; x_wconf 67' lang='grc' dir='ltr'><strong>ἅνθρωπος</strong></span> <span class='ocrx_word' id='word_1_56' title='bbox 1157 1479 1210 1566; x_wconf 78' lang='grc' dir='ltr'><strong>μὴ</strong></span> <span class='ocrx_word' id='word_1_57' title='bbox 1233 1477 1442 1572; x_wconf 76' lang='grc' dir='ltr'><strong><em>χωριζέτω.</em></strong></span> 
     </span>
    </p>
   </div>
   <div class='ocr_carea' id='block_1_3' title="bbox 922 1747 1158 1766">
    <p class='ocr_par' dir='ltr' id='par_1_4' title="bbox 922 1747 1158 1766">
     <span class='ocr_line' id='line_1_8' title="bbox 922 1747 1158 1766; baseline -0.008 0"><span class='ocrx_word' id='word_1_58' title='bbox 922 1747 1158 1766; x_wconf 56' lang='lat' dir='ltr'><strong>*uuus—utum·-</strong></span> 
     </span>
    </p>
   </div>
   <div class='ocr_carea' id='block_1_4' title="bbox 180 1925 1918 5015">
    <p class='ocr_par' dir='ltr' id='par_1_5' title="bbox 180 1925 1918 2266">
     <span class='ocr_line' id='line_1_9' title="bbox 180 1925 1918 2049; baseline -0.005 -26"><span class='ocrx_word' id='word_1_59' title='bbox 180 1925 205 1962; x_wconf 52' lang='lat' dir='ltr'><em>s</em></span> <span class='ocrx_word' id='word_1_60' title='bbox 297 1949 445 2023; x_wconf 83' lang='lat' dir='ltr'><strong>-Gvosa</strong></span> <span class='ocrx_word' id='word_1_61' title='bbox 477 1973 555 2024; x_wconf 85' lang='lat' dir='ltr'><strong>maa</strong></span> <span class='ocrx_word' id='word_1_62' title='bbox 586 1957 743 2049; x_wconf 73' lang='lat' dir='ltr'><strong>peroret·</strong></span> <span class='ocrx_word' id='word_1_63' title='bbox 779 1961 906 2040; x_wconf 83' lang='lat' dir='ltr'><strong>restat,</strong></span> <span class='ocrx_word' id='word_1_64' title='bbox 942 1953 1151 2028; x_wconf 87' lang='lat' dir='ltr'><strong>Auditcrest</strong></span> <span class='ocrx_word' id='word_1_65' title='bbox 1182 1960 1242 2039; x_wconf 88' lang='lat' dir='ltr'><strong>ut,</strong></span> <span class='ocrx_word' id='word_1_66' title='bbox 1268 1947 1394 2048; x_wconf 74' lang='lat' dir='ltr'><strong>elegis</strong></span> <span class='ocrx_word' id='word_1_67' title='bbox 1421 1945 1649 2048; x_wconf 84' lang='lat' dir='ltr'><strong>praescripto,</strong></span> <span class='ocrx_word' id='word_1_68' title='bbox 1674 1967 1804 2017; x_wconf 85' lang='lat' dir='ltr'><strong>merno-</strong></span> <span class='ocrx_word' id='word_1_69' title='bbox 1915 1991 1918 1996; x_wconf 91' lang='lat'>-</span> 
     </span>
     <span class='ocr_line' id='line_1_10' title="bbox 281 2065 1806 2170; baseline -0.005 -26"><span class='ocrx_word' id='word_1_70' title='bbox 281 2069 368 2144; x_wconf 76' lang='lat' dir='ltr'><strong>dam</strong></span> <span class='ocrx_word' id='word_1_71' title='bbox 398 2070 483 2144; x_wconf 83' lang='lat' dir='ltr'><strong>anni</strong></span> <span class='ocrx_word' id='word_1_72' title='bbox 517 2070 737 2158; x_wconf 73' lang='lat' dir='ltr'><strong>Academici,</strong></span> <span class='ocrx_word' id='word_1_73' title='bbox 774 2096 901 2170; x_wconf 87' lang='lat' dir='ltr'><strong>quem,</strong></span> <span class='ocrx_word' id='word_1_74' title='bbox 936 2075 1012 2148; x_wconf 91' lang='lat' dir='ltr'><strong>Deo</strong></span> <span class='ocrx_word' id='word_1_75' title='bbox 1042 2073 1264 2158; x_wconf 82' lang='lat' dir='ltr'><strong>moderante,</strong></span> <span class='ocrx_word' id='word_1_76' title='bbox 1298 2069 1442 2144; x_wconf 71' lang='lat' dir='ltr'><strong>feliciter</strong></span> <span class='ocrx_word' id='word_1_77' title='bbox 1471 2065 1722 2165; x_wconf 76' lang='lat' dir='ltr'><strong>transegimus,</strong></span> <span class='ocrx_word' id='word_1_78' title='bbox 1748 2065 1806 2163; x_wconf 86' lang='lat' dir='ltr'><strong>pis</strong></span> 
     </span>
     <span class='ocr_line' id='line_1_11' title="bbox 286 2189 788 2266; baseline 0.004 -2"><span class='ocrx_word' id='word_1_79' title='bbox 286 2197 403 2264; x_wconf 85' lang='lat' dir='ltr'><strong>manto</strong></span> <span class='ocrx_word' id='word_1_80' title='bbox 427 2189 606 2264; x_wconf 80' lang='lat' dir='ltr'><strong>vobiscum</strong></span> <span class='ocrx_word' id='word_1_81' title='bbox 630 2191 788 2266; x_wconf 89' lang='lat' dir='ltr'><strong>recolam.</strong></span> 
     </span>
    </p>

    <p class='ocr_par' dir='ltr' id='par_1_6' title="bbox 280 2305 1810 4917">
     <span class='ocr_line' id='line_1_12' title="bbox 332 2305 1809 2412; baseline -0.003 -30"><span class='ocrx_word' id='word_1_82' title='bbox 332 2309 389 2382; x_wconf 79' lang='lat' dir='ltr'><strong>hd</strong></span> <span class='ocrx_word' id='word_1_83' title='bbox 425 2309 497 2383; x_wconf 73' lang='lat' dir='ltr'><strong>fata</strong></span> <span class='ocrx_word' id='word_1_84' title='bbox 534 2317 650 2384; x_wconf 78' lang='lat' dir='ltr'><strong>autern</strong></span> <span class='ocrx_word' id='word_1_85' title='bbox 685 2311 825 2409; x_wconf 88' lang='lat' dir='ltr'><strong>puhhca</strong></span> <span class='ocrx_word' id='word_1_86' title='bbox 854 2311 950 2412; x_wconf 89' lang='lat' dir='ltr'><strong>quod</strong></span> <span class='ocrx_word' id='word_1_87' title='bbox 981 2313 1106 2388; x_wconf 87' lang='lat' dir='ltr'><strong>attinet</strong></span> <span class='ocrx_word' id='word_1_88' title='bbox 1112 2346 1122 2400; x_wconf 91' lang='lat'>;</span> <span class='ocrx_word' id='word_1_89' title='bbox 1158 2311 1226 2386; x_wconf 79' lang='lat' dir='ltr'><strong>icit</strong></span> <span class='ocrx_word' id='word_1_90' title='bbox 1261 2333 1393 2397; x_wconf 88' lang='lat' dir='ltr'><strong>annus,</strong></span> <span class='ocrx_word' id='word_1_91' title='bbox 1425 2307 1487 2406; x_wconf 91' lang='lat' dir='ltr'><strong>qui</strong></span> <span class='ocrx_word' id='word_1_92' title='bbox 1510 2305 1703 2406; x_wconf 87' lang='lat' dir='ltr'><strong>praeteriit,</strong></span> <span class='ocrx_word' id='word_1_93' title='bbox 1727 2327 1809 2402; x_wconf 86' lang='lat' dir='ltr'><strong>prae</strong></span> 
     </span>
     <span class='ocr_line' id='line_1_13' title="bbox 284 2427 1809 2526; baseline -0.002 -26"><span class='ocrx_word' id='word_1_94' title='bbox 284 2427 404 2501; x_wconf 88' lang='lat' dir='ltr'><strong>multis</strong></span> <span class='ocrx_word' id='word_1_95' title='bbox 438 2427 514 2500; x_wconf 89' lang='lat' dir='ltr'><strong>aliis</strong></span> <span class='ocrx_word' id='word_1_96' title='bbox 551 2429 629 2526; x_wconf 90' lang='lat' dir='ltr'><strong>plus</strong></span> <span class='ocrx_word' id='word_1_97' title='bbox 663 2454 733 2504; x_wconf 92' lang='lat' dir='ltr'><strong>uno</strong></span> <span class='ocrx_word' id='word_1_98' title='bbox 765 2431 904 2506; x_wconf 91' lang='lat' dir='ltr'><strong>nomine</strong></span> <span class='ocrx_word' id='word_1_99' title='bbox 929 2433 1169 2521; x_wconf 87' lang='lat' dir='ltr'><strong>calamitosus,</strong></span> <span class='ocrx_word' id='word_1_100' title='bbox 1193 2431 1265 2504; x_wconf 91' lang='lat' dir='ltr'><strong>imo</strong></span> <span class='ocrx_word' id='word_1_101' title='bbox 1286 2429 1365 2504; x_wconf 89' lang='lat' dir='ltr'><strong>telis</strong></span> <span class='ocrx_word' id='word_1_102' title='bbox 1388 2437 1429 2502; x_wconf 91' lang='lat' dir='ltr'><strong>ut</strong></span> <span class='ocrx_word' id='word_1_103' title='bbox 1450 2427 1623 2502; x_wconf 88' lang='lat' dir='ltr'><strong>neminem</strong></span> <span class='ocrx_word' id='word_1_104' title='bbox 1650 2433 1809 2498; x_wconf 88' lang='lat' dir='ltr'><strong>nostrum</strong></span> 
     </span>
     <span class='ocr_line' id='line_1_14' title="bbox 282 2545 1806 2650; baseline -0.003 -30"><span class='ocrx_word' id='word_1_105' title='bbox 282 2545 357 2620; x_wconf 85' lang='lat' dir='ltr'><strong>eius</strong></span> <span class='ocrx_word' id='word_1_106' title='bbox 396 2569 554 2642; x_wconf 88' lang='lat' dir='ltr'><strong>unquam</strong></span> <span class='ocrx_word' id='word_1_107' title='bbox 582 2571 703 2643; x_wconf 88' lang='lat' dir='ltr'><strong>cepere</strong></span> <span class='ocrx_word' id='word_1_108' title='bbox 731 2549 840 2644; x_wconf 88' lang='lat' dir='ltr'><strong>possit</strong></span> <span class='ocrx_word' id='word_1_109' title='bbox 870 2550 1005 2626; x_wconf 91' lang='lat' dir='ltr'><strong>oblivio.</strong></span> <span class='ocrx_word' id='word_1_110' title='bbox 1055 2551 1124 2624; x_wconf 82' lang='lat' dir='ltr'><strong>Vix</strong></span> <span class='ocrx_word' id='word_1_111' title='bbox 1150 2575 1215 2650; x_wconf 85' lang='lat' dir='ltr'><strong>ago</strong></span> <span class='ocrx_word' id='word_1_112' title='bbox 1238 2550 1348 2624; x_wconf 78' lang='lat' dir='ltr'><strong>fasces</strong></span> <span class='ocrx_word' id='word_1_113' title='bbox 1373 2548 1553 2634; x_wconf 84' lang='lat' dir='ltr'><strong>tenebam,</strong></span> <span class='ocrx_word' id='word_1_114' title='bbox 1582 2546 1627 2620; x_wconf 89' lang='lat' dir='ltr'><strong>ab</strong></span> <span class='ocrx_word' id='word_1_115' title='bbox 1654 2555 1806 2619; x_wconf 86' lang='lat' dir='ltr'><strong>anteces-</strong></span> 
     </span>
     <span class='ocr_line' id='line_1_15' title="bbox 284 2662 1810 2766; baseline -0.003 -28"><span class='ocrx_word' id='word_1_116' title='bbox 284 2687 360 2738; x_wconf 81' lang='lat' dir='ltr'><strong>sore</strong></span> <span class='ocrx_word' id='word_1_117' title='bbox 391 2663 479 2736; x_wconf 91' lang='lat' dir='ltr'><strong>mihi</strong></span> <span class='ocrx_word' id='word_1_118' title='bbox 513 2662 676 2751; x_wconf 67' lang='lat' dir='ltr'><strong>unditus,</strong></span> <span class='ocrx_word' id='word_1_119' title='bbox 711 2687 810 2752; x_wconf 82' lang='lat' dir='ltr'><strong>ecce,</strong></span> <span class='ocrx_word' id='word_1_120' title='bbox 845 2689 979 2764; x_wconf 83' lang='lat' dir='ltr'><strong>serpere</strong></span> <span class='ocrx_word' id='word_1_121' title='bbox 1003 2669 1152 2766; x_wconf 80' lang='lat' dir='ltr'><strong>perrexit</strong></span> <span class='ocrx_word' id='word_1_122' title='bbox 1179 2693 1218 2742; x_wconf 87' lang='lat' dir='ltr'><strong>sc</strong></span> <span class='ocrx_word' id='word_1_123' title='bbox 1246 2667 1348 2766; x_wconf 79' lang='lat' dir='ltr'><strong>longe</strong></span> <span class='ocrx_word' id='word_1_124' title='bbox 1373 2666 1510 2765; x_wconf 85' lang='lat' dir='ltr'><strong>lateque</strong></span> <span class='ocrx_word' id='word_1_125' title='bbox 1536 2665 1679 2764; x_wconf 82' lang='lat' dir='ltr'><strong>gliscere</strong></span> <span class='ocrx_word' id='word_1_126' title='bbox 1703 2663 1810 2760; x_wconf 86' lang='lat' dir='ltr'><strong>pestis</strong></span> 
     </span>
     <span class='ocr_line' id='line_1_16' title="bbox 281 2782 1807 2885; baseline -0.002 -29"><span class='ocrx_word' id='word_1_127' title='bbox 281 2784 359 2870; x_wconf 80' lang='lat' dir='ltr'><strong>iile,</strong></span> <span class='ocrx_word' id='word_1_128' title='bbox 386 2782 552 2856; x_wconf 87' lang='lat' dir='ltr'><strong>armentis</strong></span> <span class='ocrx_word' id='word_1_129' title='bbox 573 2782 738 2870; x_wconf 81' lang='lat' dir='ltr'><strong>exitiosa,</strong></span> <span class='ocrx_word' id='word_1_130' title='bbox 763 2807 853 2882; x_wconf 86' lang='lat' dir='ltr'><strong>queo</strong></span> <span class='ocrx_word' id='word_1_131' title='bbox 876 2786 923 2859; x_wconf 90' lang='lat' dir='ltr'><strong>ad</strong></span> <span class='ocrx_word' id='word_1_132' title='bbox 944 2786 1038 2860; x_wconf 90' lang='lat' dir='ltr'><strong>hono</strong></span> <span class='ocrx_word' id='word_1_133' title='bbox 1060 2811 1173 2885; x_wconf 89' lang='lat' dir='ltr'><strong>usqne</strong></span> <span class='ocrx_word' id='word_1_134' title='bbox 1194 2785 1286 2860; x_wconf 90' lang='lat' dir='ltr'><strong>diem</strong></span> <span class='ocrx_word' id='word_1_135' title='bbox 1314 2787 1351 2860; x_wconf 93' lang='lat' dir='ltr'><strong>in</strong></span> <span class='ocrx_word' id='word_1_136' title='bbox 1379 2785 1490 2884; x_wconf 87' lang='lat' dir='ltr'><strong>petria</strong></span> <span class='ocrx_word' id='word_1_137' title='bbox 1512 2793 1630 2858; x_wconf 87' lang='lat' dir='ltr'><strong>nostre</strong></span> <span class='ocrx_word' id='word_1_138' title='bbox 1651 2783 1807 2856; x_wconf 88' lang='lat' dir='ltr'><strong>nondum</strong></span> 
     </span>
     <span class='ocr_line' id='line_1_17' title="bbox 283 2901 1809 3004; baseline -0.002 -26"><span class='ocrx_word' id='word_1_139' title='bbox 283 2901 452 2978; x_wconf 77' lang='lat' dir='ltr'><strong>exstimta</strong></span> <span class='ocrx_word' id='word_1_140' title='bbox 485 2909 549 2976; x_wconf 89' lang='lat' dir='ltr'><strong>est.</strong></span> <span class='ocrx_word' id='word_1_141' title='bbox 600 2903 756 2977; x_wconf 80' lang='lat' dir='ltr'><strong>Accessit</strong></span> <span class='ocrx_word' id='word_1_142' title='bbox 794 2927 873 2978; x_wconf 82' lang='lat' dir='ltr'><strong>mor</strong></span> <span class='ocrx_word' id='word_1_143' title='bbox 906 2912 943 2978; x_wconf 87' lang='lat' dir='ltr'><strong>et</strong></span> <span class='ocrx_word' id='word_1_144' title='bbox 981 2905 1172 3004; x_wconf 84' lang='lat' dir='ltr'><strong>graviorem</strong></span> <span class='ocrx_word' id='word_1_145' title='bbox 1210 2907 1344 2980; x_wconf 87' lang='lat' dir='ltr'><strong>luctum</strong></span> <span class='ocrx_word' id='word_1_146' title='bbox 1374 2906 1492 2980; x_wconf 84' lang='lat' dir='ltr'><strong>attulit</strong></span> <span class='ocrx_word' id='word_1_147' title='bbox 1521 2904 1665 2978; x_wconf 88' lang='lat' dir='ltr'><strong>morbus</strong></span> <span class='ocrx_word' id='word_1_148' title='bbox 1695 2903 1809 2990; x_wconf 90' lang='lat' dir='ltr'><strong>dirus,</strong></span> 
     </span>
     <span class='ocr_line' id='line_1_18' title="bbox 284 3019 1810 3120; baseline -0.001 -24"><span class='ocrx_word' id='word_1_149' title='bbox 284 3021 429 3096; x_wconf 80' lang='lat' dir='ltr'><strong>Ohciera</strong></span> <span class='ocrx_word' id='word_1_150' title='bbox 462 3021 615 3096; x_wconf 77' lang='lat' dir='ltr'><strong>Asiatim</strong></span> <span class='ocrx_word' id='word_1_151' title='bbox 649 3023 783 3113; x_wconf 84' lang='lat' dir='ltr'><strong>dictus,</strong></span> <span class='ocrx_word' id='word_1_152' title='bbox 815 3023 914 3098; x_wconf 91' lang='lat' dir='ltr'><strong>cuins</strong></span> <span class='ocrx_word' id='word_1_153' title='bbox 949 3023 1017 3098; x_wconf 88' lang='lat' dir='ltr'><strong>vim</strong></span> <span class='ocrx_word' id='word_1_154' title='bbox 1054 3024 1189 3098; x_wconf 81' lang='lat' dir='ltr'><strong>letalem</strong></span> <span class='ocrx_word' id='word_1_155' title='bbox 1223 3025 1308 3098; x_wconf 88' lang='lat' dir='ltr'><strong>heac</strong></span> <span class='ocrx_word' id='word_1_156' title='bbox 1339 3023 1458 3098; x_wconf 86' lang='lat' dir='ltr'><strong>civitas</strong></span> <span class='ocrx_word' id='word_1_157' title='bbox 1490 3023 1571 3096; x_wconf 91' lang='lat' dir='ltr'><strong>olim</strong></span> <span class='ocrx_word' id='word_1_158' title='bbox 1598 3022 1677 3120; x_wconf 90' lang='lat' dir='ltr'><strong>plus</strong></span> <span class='ocrx_word' id='word_1_159' title='bbox 1703 3019 1810 3096; x_wconf 79' lang='lat' dir='ltr'><strong>semei</strong></span> 
     </span>
     <span class='ocr_line' id='line_1_19' title="bbox 283 3141 1807 3246; baseline -0.001 -30"><span class='ocrx_word' id='word_1_160' title='bbox 283 3151 454 3230; x_wconf 85' lang='lat' dir='ltr'><strong>senserat,</strong></span> <span class='ocrx_word' id='word_1_161' title='bbox 480 3143 541 3216; x_wconf 86' lang='lat' dir='ltr'><strong>sed</strong></span> <span class='ocrx_word' id='word_1_162' title='bbox 561 3143 650 3230; x_wconf 88' lang='lat' dir='ltr'><strong>iarn,</strong></span> <span class='ocrx_word' id='word_1_163' title='bbox 676 3142 782 3220; x_wconf 83' lang='lat' dir='ltr'><strong>eheul</strong></span> <span class='ocrx_word' id='word_1_164' title='bbox 811 3155 952 3246; x_wconf 81' lang='lat' dir='ltr'><strong>experta</strong></span> <span class='ocrx_word' id='word_1_165' title='bbox 978 3155 1031 3222; x_wconf 89' lang='lat' dir='ltr'><strong>est</strong></span> <span class='ocrx_word' id='word_1_166' title='bbox 1057 3144 1403 3220; x_wconf 83' lang='lat' dir='ltr'><strong>vehementissimam.</strong></span> <span class='ocrx_word' id='word_1_167' title='bbox 1453 3142 1667 3216; x_wconf 78' lang='lat' dir='ltr'><strong>occiderunt</strong></span> <span class='ocrx_word' id='word_1_168' title='bbox 1692 3141 1746 3214; x_wconf 87' lang='lat' dir='ltr'><strong>hic</strong></span> <span class='ocrx_word' id='word_1_169' title='bbox 1771 3151 1807 3214; x_wconf 88' lang='lat' dir='ltr'><strong>et</strong></span> 
     </span>
     <span class='ocr_line' id='line_1_20' title="bbox 282 3261 1805 3364; baseline 0 -30"><span class='ocrx_word' id='word_1_170' title='bbox 282 3261 366 3343; x_wconf 87' lang='lat' dir='ltr'><strong>alibi</strong></span> <span class='ocrx_word' id='word_1_171' title='bbox 393 3262 508 3336; x_wconf 87' lang='lat' dir='ltr'><strong>nascio</strong></span> <span class='ocrx_word' id='word_1_172' title='bbox 543 3269 629 3360; x_wconf 88' lang='lat' dir='ltr'><strong>quot</strong></span> <span class='ocrx_word' id='word_1_173' title='bbox 661 3287 739 3338; x_wconf 88' lang='lat' dir='ltr'><strong>cara</strong></span> <span class='ocrx_word' id='word_1_174' title='bbox 766 3267 896 3364; x_wconf 82' lang='lat' dir='ltr'><strong>nepita,</strong></span> <span class='ocrx_word' id='word_1_175' title='bbox 931 3267 1101 3364; x_wconf 88' lang='lat' dir='ltr'><strong>nobisque</strong></span> <span class='ocrx_word' id='word_1_176' title='bbox 1137 3264 1301 3339; x_wconf 90' lang='lat' dir='ltr'><strong>omnihus</strong></span> <span class='ocrx_word' id='word_1_177' title='bbox 1333 3263 1572 3360; x_wconf 87' lang='lat' dir='ltr'><strong>cuiuscunque</strong></span> <span class='ocrx_word' id='word_1_178' title='bbox 1606 3261 1737 3335; x_wconf 85' lang='lat' dir='ltr'><strong>ordinis</strong></span> <span class='ocrx_word' id='word_1_179' title='bbox 1768 3271 1805 3334; x_wconf 88' lang='lat' dir='ltr'><strong>et</strong></span> 
     </span>
     <span class='ocr_line' id='line_1_21' title="bbox 282 3381 1803 3486; baseline -0.001 -30"><span class='ocrx_word' id='word_1_180' title='bbox 282 3381 405 3458; x_wconf 87' lang='lat' dir='ltr'><strong>aetatis</strong></span> <span class='ocrx_word' id='word_1_181' title='bbox 430 3383 628 3458; x_wconf 88' lang='lat' dir='ltr'><strong>hominihus</strong></span> <span class='ocrx_word' id='word_1_182' title='bbox 660 3407 722 3483; x_wconf 89' lang='lat' dir='ltr'><strong>per</strong></span> <span class='ocrx_word' id='word_1_183' title='bbox 755 3387 947 3486; x_wconf 82' lang='lat' dir='ltr'><strong>complures</strong></span> <span class='ocrx_word' id='word_1_184' title='bbox 978 3411 1114 3461; x_wconf 89' lang='lat' dir='ltr'><strong>menses</strong></span> <span class='ocrx_word' id='word_1_185' title='bbox 1140 3385 1323 3460; x_wconf 87' lang='lat' dir='ltr'><strong>continuos</strong></span> <span class='ocrx_word' id='word_1_186' title='bbox 1347 3382 1666 3483; x_wconf 86' lang='lat' dir='ltr'><strong>praesentissimum</strong></span> <span class='ocrx_word' id='word_1_187' title='bbox 1688 3381 1803 3456; x_wconf 88' lang='lat' dir='ltr'><strong>immi·</strong></span> 
     </span>
     <span class='ocr_line' id='line_1_22' title="bbox 280 3500 1802 3601; baseline 0 -27"><span class='ocrx_word' id='word_1_188' title='bbox 280 3500 385 3576; x_wconf 85' lang='lat' dir='ltr'><strong>nabat</strong></span> <span class='ocrx_word' id='word_1_189' title='bbox 424 3501 513 3576; x_wconf 84' lang='lat' dir='ltr'><strong>vitae</strong></span> <span class='ocrx_word' id='word_1_190' title='bbox 543 3503 747 3601; x_wconf 85' lang='lat' dir='ltr'><strong>periculum.</strong></span> <span class='ocrx_word' id='word_1_191' title='bbox 800 3507 937 3580; x_wconf 78' lang='lat' dir='ltr'><strong>Exarsit</strong></span> <span class='ocrx_word' id='word_1_192' title='bbox 973 3507 1104 3582; x_wconf 86' lang='lat' dir='ltr'><strong>interea</strong></span> <span class='ocrx_word' id='word_1_193' title='bbox 1139 3506 1175 3578; x_wconf 94' lang='lat' dir='ltr'><strong>in</strong></span> <span class='ocrx_word' id='word_1_194' title='bbox 1210 3503 1398 3580; x_wconf 90' lang='lat' dir='ltr'><strong>Germania</strong></span> <span class='ocrx_word' id='word_1_195' title='bbox 1421 3503 1551 3577; x_wconf 90' lang='lat' dir='ltr'><strong>bellum</strong></span> <span class='ocrx_word' id='word_1_196' title='bbox 1577 3503 1802 3589; x_wconf 87' lang='lat' dir='ltr'><strong>intestinum,</strong></span> 
     </span>
     <span class='ocr_line' id='line_1_23' title="bbox 282 3620 1804 3723; baseline -0.001 -29"><span class='ocrx_word' id='word_1_197' title='bbox 282 3645 351 3718; x_wconf 87' lang='lat' dir='ltr'><strong>qno</strong></span> <span class='ocrx_word' id='word_1_198' title='bbox 379 3620 466 3695; x_wconf 90' lang='lat' dir='ltr'><strong>nihil</strong></span> <span class='ocrx_word' id='word_1_199' title='bbox 487 3622 631 3722; x_wconf 75' lang='lat' dir='ltr'><strong>cogitari</strong></span> <span class='ocrx_word' id='word_1_200' title='bbox 653 3631 768 3723; x_wconf 88' lang='lat' dir='ltr'><strong>potest</strong></span> <span class='ocrx_word' id='word_1_201' title='bbox 792 3626 974 3702; x_wconf 58' lang='lat' dir='ltr'><strong>fucatius.</strong></span> <span class='ocrx_word' id='word_1_202' title='bbox 1025 3627 1270 3700; x_wconf 77' lang='lat' dir='ltr'><strong>Producuntur</strong></span> <span class='ocrx_word' id='word_1_203' title='bbox 1291 3625 1326 3698; x_wconf 94' lang='lat' dir='ltr'><strong>in</strong></span> <span class='ocrx_word' id='word_1_204' title='bbox 1355 3623 1463 3698; x_wconf 87' lang='lat' dir='ltr'><strong>eciem</strong></span> <span class='ocrx_word' id='word_1_205' title='bbox 1487 3622 1655 3720; x_wconf 88' lang='lat' dir='ltr'><strong>utrinque·</strong></span> <span class='ocrx_word' id='word_1_206' title='bbox 1672 3622 1804 3719; x_wconf 86' lang='lat' dir='ltr'><strong>ahquot</strong></span> 
     </span>
     <span class='ocr_line' id='line_1_24' title="bbox 282 3741 1803 3853; baseline 0.001 -40"><span class='ocrx_word' id='word_1_207' title='bbox 282 3747 427 3853; x_wconf 82' lang='lat' dir='ltr'><strong>centens</strong></span> <span class='ocrx_word' id='word_1_208' title='bbox 460 3742 568 3816; x_wconf 83' lang='lat' dir='ltr'><strong>mihis</strong></span> <span class='ocrx_word' id='word_1_209' title='bbox 595 3753 817 3820; x_wconf 87' lang='lat' dir='ltr'><strong>armatorum.</strong></span> <span class='ocrx_word' id='word_1_210' title='bbox 875 3745 1071 3820; x_wconf 86' lang='lat' dir='ltr'><strong>Vehemens</strong></span> <span class='ocrx_word' id='word_1_211' title='bbox 1106 3746 1287 3846; x_wconf 82' lang='lat' dir='ltr'><strong>agminum</strong></span> <span class='ocrx_word' id='word_1_212' title='bbox 1321 3765 1530 3831; x_wconf 89' lang='lat' dir='ltr'><strong>concursus,</strong></span> <span class='ocrx_word' id='word_1_213' title='bbox 1561 3751 1659 3816; x_wconf 84' lang='lat' dir='ltr'><strong>atrox</strong></span> <span class='ocrx_word' id='word_1_214' title='bbox 1690 3741 1803 3814; x_wconf 91' lang='lat' dir='ltr'><strong>ubivis</strong></span> 
     </span>
     <span class='ocr_line' id='line_1_25' title="bbox 282 3861 1803 3966; baseline -0.001 -31"><span class='ocrx_word' id='word_1_215' title='bbox 282 3883 402 3957; x_wconf 80' lang='lat' dir='ltr'><strong>pugna</strong></span> <span class='ocrx_word' id='word_1_216' title='bbox 433 3869 469 3934; x_wconf 88' lang='lat' dir='ltr'><strong>at</strong></span> <span class='ocrx_word' id='word_1_217' title='bbox 502 3862 707 3962; x_wconf 74' lang='lat' dir='ltr'><strong>mvdtipiex,</strong></span> <span class='ocrx_word' id='word_1_218' title='bbox 739 3889 864 3965; x_wconf 84' lang='lat' dir='ltr'><strong>magne</strong></span> <span class='ocrx_word' id='word_1_219' title='bbox 894 3868 1098 3966; x_wconf 87' lang='lat' dir='ltr'><strong>necopinata</strong></span> <span class='ocrx_word' id='word_1_220' title='bbox 1128 3866 1389 3940; x_wconf 84' lang='lat' dir='ltr'><strong>Austriacorum</strong></span> <span class='ocrx_word' id='word_1_221' title='bbox 1418 3862 1533 3937; x_wconf 85' lang='lat' dir='ltr'><strong>clades</strong></span> <span class='ocrx_word' id='word_1_222' title='bbox 1565 3869 1602 3935; x_wconf 86' lang='lat' dir='ltr'><strong>et</strong></span> <span class='ocrx_word' id='word_1_223' title='bbox 1636 3861 1803 3934; x_wconf 91' lang='lat' dir='ltr'><strong>nonnisi</strong></span> 
     </span>
     <span class='ocr_line' id='line_1_26' title="bbox 284 3981 1801 4080; baseline -0.003 -24"><span class='ocrx_word' id='word_1_224' title='bbox 284 4001 410 4078; x_wconf 79' lang='lat' dir='ltr'><strong>msgoo</strong></span> <span class='ocrx_word' id='word_1_225' title='bbox 444 3982 555 4080; x_wconf 86' lang='lat' dir='ltr'><strong>pretio</strong></span> <span class='ocrx_word' id='word_1_226' title='bbox 588 3991 682 4060; x_wconf 78' lang='lat' dir='ltr'><strong>easta</strong></span> <span class='ocrx_word' id='word_1_227' title='bbox 712 4009 733 4059; x_wconf 84' lang='lat' dir='ltr'><strong>a</strong></span> <span class='ocrx_word' id='word_1_228' title='bbox 770 3986 931 4061; x_wconf 85' lang='lat' dir='ltr'><strong>Bcrussis</strong></span> <span class='ocrx_word' id='word_1_229' title='bbox 969 3987 1119 4061; x_wconf 84' lang='lat' dir='ltr'><strong>victoria.</strong></span> <span class='ocrx_word' id='word_1_230' title='bbox 1178 3987 1333 4059; x_wconf 75' lang='lat' dir='ltr'><strong>Thronos</strong></span> <span class='ocrx_word' id='word_1_231' title='bbox 1367 3981 1566 4057; x_wconf 90' lang='lat' dir='ltr'><strong>audivimus</strong></span> <span class='ocrx_word' id='word_1_232' title='bbox 1599 3981 1801 4066; x_wconf 85' lang='lat' dir='ltr'><strong>subversos,</strong></span> 
     </span>
     <span class='ocr_line' id='line_1_27' title="bbox 282 4097 1802 4204; baseline -0.001 -30"><span class='ocrx_word' id='word_1_233' title='bbox 282 4121 379 4196; x_wconf 74' lang='lat' dir='ltr'><strong>reges</strong></span> <span class='ocrx_word' id='word_1_234' title='bbox 413 4097 572 4200; x_wconf 75' lang='lat' dir='ltr'><strong>fugatos,</strong></span> <span class='ocrx_word' id='word_1_235' title='bbox 604 4127 704 4202; x_wconf 80' lang='lat' dir='ltr'><strong>agros</strong></span> <span class='ocrx_word' id='word_1_236' title='bbox 740 4103 828 4179; x_wconf 86' lang='lat' dir='ltr'><strong>bene</strong></span> <span class='ocrx_word' id='word_1_237' title='bbox 860 4107 972 4181; x_wconf 78' lang='lat' dir='ltr'><strong>cuites</strong></span> <span class='ocrx_word' id='word_1_238' title='bbox 999 4107 1224 4204; x_wconf 77' lang='lat' dir='ltr'><strong>regionesque</strong></span> <span class='ocrx_word' id='word_1_239' title='bbox 1247 4103 1473 4178; x_wconf 83' lang='lat' dir='ltr'><strong>fertilissimas</strong></span> <span class='ocrx_word' id='word_1_240' title='bbox 1496 4101 1585 4176; x_wconf 75' lang='lat' dir='ltr'><strong>terro</strong></span> <span class='ocrx_word' id='word_1_241' title='bbox 1608 4100 1802 4174; x_wconf 85' lang='lat' dir='ltr'><strong>devastatas</strong></span> 
     </span>
     <span class='ocr_line' id='line_1_28' title="bbox 282 4219 1800 4319; baseline 0.001 -29"><span class='ocrx_word' id='word_1_242' title='bbox 282 4241 325 4290; x_wconf 84' lang='lat' dir='ltr'><strong>aa</strong></span> <span class='ocrx_word' id='word_1_243' title='bbox 358 4219 461 4318; x_wconf 78' lang='lat' dir='ltr'><strong>igne,</strong></span> <span class='ocrx_word' id='word_1_244' title='bbox 492 4221 616 4296; x_wconf 67' lang='lat' dir='ltr'><strong>tratres</strong></span> <span class='ocrx_word' id='word_1_245' title='bbox 643 4247 665 4296; x_wconf 89' lang='lat' dir='ltr'><strong>a</strong></span> <span class='ocrx_word' id='word_1_246' title='bbox 693 4223 859 4300; x_wconf 82' lang='lat' dir='ltr'><strong>fratribus</strong></span> <span class='ocrx_word' id='word_1_247' title='bbox 881 4249 1016 4313; x_wconf 84' lang='lat' dir='ltr'><strong>caesos,</strong></span> <span class='ocrx_word' id='word_1_248' title='bbox 1050 4235 1245 4314; x_wconf 70' lang='lat' dir='ltr'><strong>muncetos,</strong></span> <span class='ocrx_word' id='word_1_249' title='bbox 1271 4223 1492 4310; x_wconf 79' lang='lat' dir='ltr'><strong>dilaceratos,</strong></span> <span class='ocrx_word' id='word_1_250' title='bbox 1518 4222 1554 4294; x_wconf 87' lang='lat' dir='ltr'><strong>in</strong></span> <span class='ocrx_word' id='word_1_251' title='bbox 1581 4220 1657 4319; x_wconf 87' lang='lat' dir='ltr'><strong>ipso</strong></span> <span class='ocrx_word' id='word_1_252' title='bbox 1677 4220 1800 4293; x_wconf 84' lang='lat' dir='ltr'><strong>aetatis</strong></span> 
     </span>
     <span class='ocr_line' id='line_1_29' title="bbox 282 4333 1801 4438; baseline 0.001 -29"><span class='ocrx_word' id='word_1_253' title='bbox 282 4333 366 4408; x_wconf 89' lang='lat' dir='ltr'><strong>flore</strong></span> <span class='ocrx_word' id='word_1_254' title='bbox 402 4337 526 4412; x_wconf 84' lang='lat' dir='ltr'><strong>misera</strong></span> <span class='ocrx_word' id='word_1_255' title='bbox 556 4338 753 4415; x_wconf 76' lang='lat' dir='ltr'><strong>exstinctos.</strong></span> <span class='ocrx_word' id='word_1_256' title='bbox 804 4344 1031 4434; x_wconf 78' lang='lat' dir='ltr'><strong>Audivimus,</strong></span> <span class='ocrx_word' id='word_1_257' title='bbox 1065 4343 1270 4418; x_wconf 82' lang='lat' dir='ltr'><strong>Auditorest</strong></span> <span class='ocrx_word' id='word_1_258' title='bbox 1305 4351 1341 4418; x_wconf 88' lang='lat' dir='ltr'><strong>et</strong></span> <span class='ocrx_word' id='word_1_259' title='bbox 1363 4340 1606 4416; x_wconf 86' lang='lat' dir='ltr'><strong>obhorrninrns</strong></span> <span class='ocrx_word' id='word_1_260' title='bbox 1629 4337 1801 4438; x_wconf 85' lang='lat' dir='ltr'><strong>perterriti</strong></span> 
     </span>
     <span class='ocr_line' id='line_1_30' title="bbox 283 4451 1799 4560; baseline 0.004 -34"><span class='ocrx_word' id='word_1_261' title='bbox 283 4451 536 4556; x_wconf 70' lang='lat' dir='ltr'><strong>hominumque</strong></span> <span class='ocrx_word' id='word_1_262' title='bbox 568 4458 820 4556; x_wconf 71' lang='lat' dir='ltr'><strong>depicmdrnus</strong></span> <span class='ocrx_word' id='word_1_263' title='bbox 852 4463 1034 4538; x_wconf 84' lang='lat' dir='ltr'><strong>nefandam</strong></span> <span class='ocrx_word' id='word_1_264' title='bbox 1071 4464 1259 4550; x_wconf 81' lang='lat' dir='ltr'><strong>insaniem,</strong></span> <span class='ocrx_word' id='word_1_265' title='bbox 1290 4461 1328 4536; x_wconf 92' lang='lat' dir='ltr'><strong>id</strong></span> <span class='ocrx_word' id='word_1_266' title='bbox 1354 4485 1463 4535; x_wconf 88' lang='lat' dir='ltr'><strong>unum</strong></span> <span class='ocrx_word' id='word_1_267' title='bbox 1488 4459 1614 4560; x_wconf 84' lang='lat' dir='ltr'><strong>gavisi,</strong></span> <span class='ocrx_word' id='word_1_268' title='bbox 1640 4485 1702 4559; x_wconf 91' lang='lat' dir='ltr'><strong>per</strong></span> <span class='ocrx_word' id='word_1_269' title='bbox 1723 4459 1799 4532; x_wconf 89' lang='lat' dir='ltr'><strong>hre-</strong></span> 
     </span>
     <span class='ocr_line' id='line_1_31' title="bbox 282 4569 1801 4681; baseline 0.005 -36"><span class='ocrx_word' id='word_1_270' title='bbox 282 4571 465 4650; x_wconf 82' lang='lat' dir='ltr'><strong>vissimum</strong></span> <span class='ocrx_word' id='word_1_271' title='bbox 496 4577 661 4677; x_wconf 85' lang='lat' dir='ltr'><strong>temporis</strong></span> <span class='ocrx_word' id='word_1_272' title='bbox 690 4579 842 4677; x_wconf 84' lang='lat' dir='ltr'><strong>spatium</strong></span> <span class='ocrx_word' id='word_1_273' title='bbox 866 4581 930 4658; x_wconf 86' lang='lat' dir='ltr'><strong>hoe</strong></span> <span class='ocrx_word' id='word_1_274' title='bbox 956 4605 1039 4658; x_wconf 89' lang='lat' dir='ltr'><strong>sevo</strong></span> <span class='ocrx_word' id='word_1_275' title='bbox 1059 4590 1174 4658; x_wconf 84' lang='lat' dir='ltr'><strong>tantas</strong></span> <span class='ocrx_word' id='word_1_276' title='bbox 1196 4605 1251 4657; x_wconf 85' lang='lat' dir='ltr'><strong>reo</strong></span> <span class='ocrx_word' id='word_1_277' title='bbox 1273 4581 1426 4681; x_wconf 88' lang='lat' dir='ltr'><strong>potuisse</strong></span> <span class='ocrx_word' id='word_1_278' title='bbox 1452 4581 1584 4656; x_wconf 86' lang='lat' dir='ltr'><strong>confici.</strong></span> <span class='ocrx_word' id='word_1_279' title='bbox 1635 4569 1801 4679; x_wconf 80' lang='lat' dir='ltr'><strong>Angebat</strong></span> 
     </span>
     <span class='ocr_line' id='line_1_32' title="bbox 281 4696 1798 4802; baseline 0.005 -36"><span class='ocrx_word' id='word_1_280' title='bbox 281 4715 469 4772; x_wconf 82' lang='lat' dir='ltr'><strong>moerorem</strong></span> <span class='ocrx_word' id='word_1_281' title='bbox 493 4697 688 4772; x_wconf 81' lang='lat' dir='ltr'><strong>animorum</strong></span> <span class='ocrx_word' id='word_1_282' title='bbox 710 4696 832 4798; x_wconf 86' lang='lat' dir='ltr'><strong>iniqua</strong></span> <span class='ocrx_word' id='word_1_283' title='bbox 855 4703 944 4776; x_wconf 67' lang='lat' dir='ltr'><strong>aeris</strong></span> <span class='ocrx_word' id='word_1_284' title='bbox 966 4703 1147 4802; x_wconf 86' lang='lat' dir='ltr'><strong>temperies</strong></span> <span class='ocrx_word' id='word_1_285' title='bbox 1167 4711 1202 4778; x_wconf 88' lang='lat' dir='ltr'><strong>et</strong></span> <span class='ocrx_word' id='word_1_286' title='bbox 1219 4711 1336 4778; x_wconf 84' lang='lat' dir='ltr'><strong>aestas</strong></span> <span class='ocrx_word' id='word_1_287' title='bbox 1350 4723 1419 4776; x_wconf 93' lang='lat' dir='ltr'><strong>non</strong></span> <span class='ocrx_word' id='word_1_288' title='bbox 1442 4701 1530 4777; x_wconf 85' lang='lat' dir='ltr'><strong>ieeta</strong></span> <span class='ocrx_word' id='word_1_289' title='bbox 1550 4707 1611 4775; x_wconf 88' lang='lat' dir='ltr'><strong>aut</strong></span> <span class='ocrx_word' id='word_1_290' title='bbox 1629 4699 1798 4788; x_wconf 87' lang='lat' dir='ltr'><strong>incunda,</strong></span> 
     </span>
     <span class='ocr_line' id='line_1_33' title="bbox 280 4812 1801 4917; baseline 0.006 -31"><span class='ocrx_word' id='word_1_291' title='bbox 280 4812 341 4886; x_wconf 73' lang='lat' dir='ltr'><strong>md</strong></span> <span class='ocrx_word' id='word_1_292' title='bbox 380 4813 538 4891; x_wconf 80' lang='lat' dir='ltr'><strong>nubibas</strong></span> <span class='ocrx_word' id='word_1_293' title='bbox 573 4815 815 4917; x_wconf 88' lang='lat' dir='ltr'><strong>imbribusque</strong></span> <span class='ocrx_word' id='word_1_294' title='bbox 849 4821 991 4898; x_wconf 85' lang='lat' dir='ltr'><strong>turbida</strong></span> <span class='ocrx_word' id='word_1_295' title='bbox 1024 4831 1060 4898; x_wconf 89' lang='lat' dir='ltr'><strong>et</strong></span> <span class='ocrx_word' id='word_1_296' title='bbox 1097 4821 1177 4898; x_wconf 87' lang='lat' dir='ltr'><strong>solis</strong></span> <span class='ocrx_word' id='word_1_297' title='bbox 1214 4824 1334 4899; x_wconf 86' lang='lat' dir='ltr'><strong>ardore</strong></span> <span class='ocrx_word' id='word_1_298' title='bbox 1368 4821 1440 4898; x_wconf 80' lang='lat' dir='ltr'><strong>iere</strong></span> <span class='ocrx_word' id='word_1_299' title='bbox 1478 4821 1655 4898; x_wconf 78' lang='lat' dir='ltr'><strong>dmtituts</strong></span> <span class='ocrx_word' id='word_1_300' title='bbox 1719 4823 1801 4900; x_wconf 86' lang='lat' dir='ltr'><strong>Qus</strong></span> 
     </span>
    </p>

    <p class='ocr_par' dir='ltr' id='par_1_7' title="bbox 1583 4940 1634 5015">
     <span class='ocr_line' id='line_1_34' title="bbox 1583 4940 1634 5015; baseline 0 -27"><span class='ocrx_word' id='word_1_301' title='bbox 1583 4940 1634 5015; x_wconf 72' lang='lat' dir='ltr'><strong>gs</strong></span> 
     </span>
    </p>
   </div>
   <div class='ocr_carea' id='block_1_5' title="bbox 0 0 2468 6180">
    <p class='ocr_par' dir='ltr' id='par_1_8' title="bbox 0 0 2468 6180">
     <span class='ocr_line' id='line_1_35' title="bbox 0 0 2468 6180; baseline 0 3"><span class='ocrx_word' id='word_1_302' title='bbox 0 0 2468 6180; x_wconf 95' lang='lat' dir='ltr'><strong> </strong></span> 
     </span>
    </p>
   </div>
  </div>
 </body>
</html>
