4926 6180
879 627 1158 695 enarro.
1350 707 1354 716 ¹
1737 623 1778 692 ιι

256 835 462 934 quantocies
492 837 705 914 Nomcomio
743 837 802 912 illu
839 836 1069 922 ermemiro,
1102 835 1205 909 euius
1239 857 1302 908 nus
1334 857 1397 934 per
1426 835 1556 908 multus
1578 834 1650 908 iem
1671 851 1781 908 annus

255 979 334 1052 spes
363 955 459 1030 irrita
487 957 627 1032 enuit?
667 952 742 1032 lam
782 981 881 1044 veru,
916 955 983 1030 uisi
1011 979 1070 1028 sna
1102 955 1221 1028 omnm
1258 955 1399 1043 fallant,
1434 949 1565 1029 russie
1586 975 1628 1027 ae
1654 953 1781 1040 habet,

254 1081 469 1158 ut,.remuto
495 1098 577 1150 mor
604 1084 801 1173 postrema,
824 1075 922 1172 qued
949 1073 1380 1170 ebstmsimpedimente,
1405 1075 1553 1150 aedificii
1577 1074 1670 1148 illius
1694 1073 1786 1147 iam·

254 1201 357 1268 antur
388 1193 626 1269 fundamenta
673 1195 735 1270 Sic
771 1189 914 1270 demum
950 1194 1075 1268 studiis
1104 1193 1142 1266 in
1182 1193 1245 1267 lrac
1284 1195 1478 1269 Academia
1510 1194 1653 1268 medicis
1690 1193 1779 1266 bens

253 1309 451 1385 οοιιιιιιιιιιι
485 1311 547 1398 iri,
581 1335 705 1386 omues
745 1313 795 1386 rei
821 1313 923 1412 periti
952 1332 1022 1385 uno
1044 1336 1102 1386 ore
1127 1321 1309 1388 testantur.
1361 1313 1433 1387 Vos
1455 1323 1591 1402 entem,
1617 1313 1778 1412 Collegae

252 1428 541 1506 coniunctissimi!
575 1432 694 1506 salvos
723 1457 844 1508 omnes
877 1441 912 1506 et
946 1432 1137 1506 incolumes
1163 1453 1241 1505 asse
1269 1431 1389 1506 iubeat
1418 1431 1464 1508 D.
1492 1433 1536 1507 0.
1560 1433 1633 1521 Μ.,
1659 1441 1700 1505 ut
1723 1431 1778 1506 hir

251 1548 441 1646 mtedsque
477 1550 645 1626 subsidiis
683 1553 788 1650 quam
828 1553 1022 1626 diutissime
1063 1551 1211 1625 utamini
1244 1553 1281 1626 in
1317 1552 1511 1626 iuventutis
1539 1551 1776 1640 medamiora,

251 1667 333 1741 artis
366 1666 509 1744 vestm
543 1671 741 1747 mlutiimae
776 1681 811 1746 et
844 1673 975 1770 patriae
1006 1673 1106 1747 uobis
1142 1673 1337 1748 eadedmae
1371 1673 1594 1747 commodum
1621 1680 1657 1744 et
1680 1695 1778 1746 emu-

251 1785 468 1862 lamentnml
514 1781 518 1788 ’

298 1908 383 1982 Ροιι
418 1909 606 2006 luynbollii
638 1919 785 1986 mortam
810 1914 927 1987 nullus
949 1921 1022 1986 erat
1043 1920 1180 1986 creatus
1203 1909 1327 2011 legati
1352 1911 1570 1985 Warneriani
1595 1914 1784 2010 interprete

249 2023 315 2100 Vel
344 2028 392 2103 sic
424 2037 539 2104 tamen
562 2030 687 2130 legati
711 2033 803 2106 illius
826 2032 1040 2107 celeberrimi
1063 2055 1118 2106 res
1141 2031 1281 2131 egregie
1304 2031 1474 2105 curabant
1494 2030 1669 2104 duumviri
1695 2029 1786 2104 doe*

248 2145 395 2235 tissimi,
419 2149 472 2224 da
503 2151 675 2248 long··et·
694 2152 738 2225 de
768 2155 896 2248 Gucja,
928 2151 1126 2227 adiuturum
1155 2151 1316 2240 nomine,
1352 2151 1436 2224 dum
1458 2151 1643 2250 interpres,
1665 2167 1775 2248 quarn

247 2265 470 2356 adiuvarent,
507 2269 663 2359 deesset,
698 2272 782 2346 satis
805 2273 924 2371 inapto
946 2271 1140 2370 nuncupari
1166 2271 1266 2344 soliti.
1320 2271 1439 2362 Medio
1464 2291 1543 2345 varo
1562 2293 1653 2345 anne
1676 2291 1775 2368 prae·

247 2385 350 2460 terito
379 2387 511 2484 placuit
546 2389 636 2489 Regi
669 2393 935 2490 angustissimo,
963 2401 1088 2492 rogatu
1117 2391 1352 2479 Onmturum,
1386 2409 1559 2466 summam
1593 2391 1782 2488 utriusqus·

247 2506 471 2602 comprobare
508 2509 729 2586 sedulitatem
764 2514 876 2612 iisque
905 2513 1051 2610 siugulis
1080 2532 1183 2586 strum
1215 2512 1251 2585 in
1281 2513 1345 2585 luae
1373 2512 1561 2586 Academia
1584 2512 1701 2588 locum
1724 2511 1785 2585 ita·
1901 2546 1902 2550 ¹

248 2624 451 2722 adsignare,
491 2636 532 2700 ut
571 2629 627 2702 illa
663 2632 738 2707 sina
771 2633 928 2708 adiutura
971 2635 1198 2731 Interpratem
1236 2641 1372 2731 agerat,
1408 2631 1527 2706 addito
1558 2633 1775 2730 paulc‘·puat

204 2777 208 2784 ·
247 2742 451 2818 Pmlessuris
488 2747 589 2822 titulo
623 2749 828 2838 *honorifica
864 2753 918 2826 hic
953 2763 1070 2826 entem
1098 2761 1277 2826 νοιιιιιιιι
1299 2753 1343 2826 ad
1371 2751 1585 2850 Linguarum
1612 2752 1773 2826 ffierta

247 2863 332 2938 liar
355 2865 601 2966 professionem
625 2867 940 2946 extraordintriam.
992 2873 1078 2945 Post
1099 2872 1202 2945 feriae
1224 2869 1371 2946 aestivae
1395 2889 1527 2945 munus
1548 2865 1654 2945 edum
1679 2881 1781 2944 uter-³

247 3009 317 3082 quc
347 2987 546 3086 auspicatus
575 2999 641 3062 est.
692 2987 863 3080 Habetis,
898 2991 971 3064 Viri
996 2991 1208 3065 clarissimil·
1238 2991 1377 3066 virtutis
1404 2987 1623 3089 ‘precarium
1655 3000 1690 3064 et
1717 3007 1782 3065 ιιι

246 3103 386 3179 Vestrae
421 3108 463 3180 in'
493 3109 620 3182 melius
654 3118 804 3184 mutatas
834 3131 915 3184 esse
950 3112 1030 3184 laeti
1062 3111 1265 3209 agnoscitis„
1319 3111 1395 3185 =Sed
1424 3113 1463 3184 ιι
1486 3130 1556 3184 nos
1582 3107 1770 3198 habemns,

246 3226 340 3322 quud
375 3225 486 3300 Veleia
521 3251 564 3300 ιιι
586 3223 732 3304 ιιιίιιιιιΙ
749 3231 963 3328 gratulemur
999 3239 1034 3303 et
1060 3227 1168 3302 literis
1200 3227 1428 3304 orientalibus
1455 3229 1555 3302 bena·
1573 3229 1785 3304 cumaeum»

246 3369 321 3418 csse
351 3347 576 3444 gaudeamus.
627 3349 691 3422 Est
725 3374 803 3422 vere
836 3375 924 3424 onus
957 3349 1223 3448 gravissimum,
1260 3351 1354 3447 quod
1385 3351 1421 3422 in
1457 3350 1618 3422 humuus
1647 3349 1771 3422 vetros

246 3463 417 3564 suscipere
443 3465 537 3540 haud
563 3468 765 3555 recusastis,
792 3468 1047 3556 Schultensios,
1080 3467 1343 3554 Hamakerum,
1370 3468 1590 3564 Weyerrium
1616 3475 1771 3541 antecas-

246 3607 337 3658 surus
356 3585 461 3660 necti.
517 3587 605 3675 Sed»,
632 3589 731 3660 utin
759 3588 1036 3685 proverbiuest,
1072 3589 1144 3660 lete
1172 3587 1213 3660 tlt
1237 3588 1333 3685 qaod
1360 3587 1447 3661 bane
1465 3587 1582 3674 ¹fertur
1606 3607 1712 3673 onus,
1735 3594 1770 3660 et

246 3712 396 3802 [aerque
424 3728 465 3778 ee
484 3707 685 3780 etiamnum
710 3709 793 3780 estis
814 3718 965 3793 aestate,
995 3716 1044 3779 ut
1062 3727 1122 3804 per
1147 3708 1285 3805 leugam
1312 3727 1485 3782 aunuum
1514 3707 1635 3780 seriem
1662 3705 1785 3780 malou

244 3845 335 3896 runr
344 3824 467 3899 landes
488 3834 594 3924 atque
621 3827 764 3902 virtutes
787 3823 982 3901 aemulandi
1010 3842 1089 3926 epea
1116 3828 1309 3902 arrideat.
1306 3821 1397 3900 Vos
1419 3828 1595 3926 igiacum
1572 3823 1781 3911 mleeitimi

245 3943 382 4018 destrae
414 3944 551 4043 iungite
584 3955 620 4020 et
652 3967 740 4045 quae
766 3957 912 4045 uterque
935 3947 1006 4021 iam
1027 3947 1152 4046 agitis,
1173 3948 1319 4021 eadem
1315 3939 1505 4020 alacritate
1528 3946 1700 4044 peragite,
1726 3952 1780 4018 ιιι.

137 4141 143 4160 ,
244 4062 371 4140 erstem
398 4065 435 4138 in
461 4066 524 4139 lris
532 4067 650 4140 literis
672 4068 816 4166 gloriam
839 4067 947 4166 digne
972 4068 1156 4142 tueamini!
1245 4092 1247 4103 ’
1381 4085 1410 4113 ·¹·
1451 4071 1477 4120 ·;
1763 4083 1781 4126 u

293 4184 439 4260 lauanti
454 4186 670 4260 cathedras
661 4209 695 4260 ru
717 4187 898 4286 disciplina
920 4188 1191 4261 mathematica
1181 4205 1250 4260 ram
1273 4185 1426 4285 egregie
1431 4118 1652 4283 prospectum
1669 4207 1754 4258 asse
1755 4226 1779 4272 ,ι

244 4303 433 4378 nemmem
448 4306 569 4393 Ιιιιι,
587 4303 664 4379 ιιιι
689 4300 890 4382 doctissime
917 4331 980 4382 van
1007 4310 1116 4392 urar,
1152 4307 1255 4380 tulus
1278 4306 1501 4380 Academiae
1509 4305 1671 4391 alumno,
1697 4305 1780 4379 haer

245 4427 382 4512 muer,
411 4435 454 4498 ut
482 4427 790 4514 ¹extraerdiuariem
823 4427 1068 4525 professionem
1097 4427 1295 4524 suscipiat„
1319 4427 1435 4499 *Dulce
1461 4443 1538 4498 vero
1562 4425 1780 4500 arescam*

242 4539 393 4642 pellendi
423 4543 792 4620 efficiuusaacesseri
822 4539 903 4620 mee
931 4545 1286 4644 relinquendumsst.
1309 4545 1544 4628 rasam-uam
1569 4535 1776 4631 matera}

241 4665 375 4741 nasime
407 4666 551 4739 Biarens
567 4659 624 4738 de·
643 4665 767 4752 llaan!
803 4666 914 4739 lutum
937 4667 1117 4740 Tuumiu
1144 4657 1410 4765 diselpliutrrrtll
1426 4655 1779 4750 praetentatus-uui>

243 4792 278 4857 et
307 4785 531 4882 Physicarum
562 4785 681 4860 urdine
713 4785 832 4860 datum
862 4811 957 4873 esse,
981 4787 1018 4860 id
1044 4811 1112 4860 non
1139 4786 1212 4860 sine
1239 4786 1496 4884 animaruum
1518 4777 1779 4882 temperimnsrss
