<?xml version="1.0" encoding="UTF-8"?>
<!DOCTYPE html PUBLIC "-//W3C//DTD XHTML 1.0 Transitional//EN"
    "http://www.w3.org/TR/xhtml1/DTD/xhtml1-transitional.dtd">
<html xmlns="http://www.w3.org/1999/xhtml" xml:lang="en" lang="en">
 <head>
  <title>
</title>
<meta http-equiv="Content-Type" content="text/html;charset=utf-8" />
  <meta name='ocr-system' content='tesseract 3.04.00' />
  <meta name='ocr-capabilities' content='ocr_page ocr_carea ocr_par ocr_line ocrx_word'/>
</head>
<body>
  <div class='ocr_page' id='page_1' title='image "annalesacademic01unkngoog_0039.png"; bbox 0 0 4926 6180; ppageno 0'>
   <div class='ocr_carea' id='block_1_1' title="bbox 694 577 1630 650">
    <p class='ocr_par' dir='ltr' id='par_1_1' title="bbox 694 577 1630 650">
     <span class='ocr_line' id='line_1_1' title="bbox 694 577 1630 650; baseline -0.009 0"><span class='ocrx_word' id='word_1_1' title='bbox 694 585 735 650; x_wconf 75' lang='lat'><strong>28</strong></span> <span class='ocrx_word' id='word_1_2' title='bbox 1279 577 1630 647; x_wconf 61' lang='lat' dir='ltr'><strong>baralus</strong></span> 
     </span>
    </p>
   </div>
   <div class='ocr_carea' id='block_1_2' title="bbox 689 781 2217 4821">
    <p class='ocr_par' dir='ltr' id='par_1_2' title="bbox 689 781 2217 4821">
     <span class='ocr_line' id='line_1_2' title="bbox 694 781 2214 882; baseline -0.003 -20"><span class='ocrx_word' id='word_1_3' title='bbox 694 798 833 877; x_wconf 87' lang='lat' dir='ltr'><strong>vocato,</strong></span> <span class='ocrx_word' id='word_1_4' title='bbox 866 789 982 864; x_wconf 88' lang='lat' dir='ltr'><strong>subito</strong></span> <span class='ocrx_word' id='word_1_5' title='bbox 1017 787 1106 862; x_wconf 89' lang='lat' dir='ltr'><strong>vitae</strong></span> <span class='ocrx_word' id='word_1_6' title='bbox 1137 788 1286 862; x_wconf 85' lang='lat' dir='ltr'><strong>mutavit</strong></span> <span class='ocrx_word' id='word_1_7' title='bbox 1312 787 1515 874; x_wconf 91' lang='lat' dir='ltr'><strong>consilium,</strong></span> <span class='ocrx_word' id='word_1_8' title='bbox 1549 807 1617 858; x_wconf 92' lang='lat' dir='ltr'><strong>non</strong></span> <span class='ocrx_word' id='word_1_9' title='bbox 1644 781 1860 882; x_wconf 69' lang='lat' dir='ltr'><strong>refragante,</strong></span> <span class='ocrx_word' id='word_1_10' title='bbox 1890 781 1961 856; x_wconf 93' lang='lat' dir='ltr'><strong>imo</strong></span> <span class='ocrx_word' id='word_1_11' title='bbox 1987 782 2155 858; x_wconf 85' lang='lat' dir='ltr'><strong>suadente</strong></span> <span class='ocrx_word' id='word_1_12' title='bbox 2177 793 2214 858; x_wconf 90' lang='lat' dir='ltr'><strong>et</strong></span> 
     </span>
     <span class='ocr_line' id='line_1_3' title="bbox 696 903 2212 1010; baseline -0.007 -24"><span class='ocrx_word' id='word_1_13' title='bbox 696 910 908 1010; x_wconf 76' lang='lat' dir='ltr'><strong>approbante</strong></span> <span class='ocrx_word' id='word_1_14' title='bbox 941 916 1048 1008; x_wconf 89' lang='lat' dir='ltr'><strong>patre.</strong></span> <span class='ocrx_word' id='word_1_15' title='bbox 1110 908 1153 980; x_wconf 92' lang='lat' dir='ltr'><strong>In</strong></span> <span class='ocrx_word' id='word_1_16' title='bbox 1188 907 1276 982; x_wconf 92' lang='lat' dir='ltr'><strong>hanc</strong></span> <span class='ocrx_word' id='word_1_17' title='bbox 1307 917 1423 982; x_wconf 91' lang='lat' dir='ltr'><strong>autem</strong></span> <span class='ocrx_word' id='word_1_18' title='bbox 1448 905 1583 980; x_wconf 87' lang='lat' dir='ltr'><strong>deletus</strong></span> <span class='ocrx_word' id='word_1_19' title='bbox 1604 903 1848 991; x_wconf 76' lang='lat' dir='ltr'><strong>Academiam,</strong></span> <span class='ocrx_word' id='word_1_20' title='bbox 1874 903 1919 978; x_wconf 87' lang='lat' dir='ltr'><strong>ab</strong></span> <span class='ocrx_word' id='word_1_21' title='bbox 1941 925 2033 978; x_wconf 91' lang='lat' dir='ltr'><strong>anno</strong></span> <span class='ocrx_word' id='word_1_22' title='bbox 2051 903 2134 976; x_wconf 89' lang='lat' dir='ltr'><strong>inda</strong></span> <span class='ocrx_word' id='word_1_23' title='bbox 2156 903 2212 976; x_wconf 90' lang='lat' dir='ltr'><strong>da·</strong></span> 
     </span>
     <span class='ocr_line' id='line_1_4' title="bbox 695 1023 2214 1122; baseline -0.006 -17"><span class='ocrx_word' id='word_1_24' title='bbox 695 1031 786 1105; x_wconf 91' lang='lat' dir='ltr'><strong>cimo</strong></span> <span class='ocrx_word' id='word_1_25' title='bbox 816 1054 907 1104; x_wconf 94' lang='lat' dir='ltr'><strong>nono</strong></span> <span class='ocrx_word' id='word_1_26' title='bbox 938 1029 1042 1102; x_wconf 92' lang='lat' dir='ltr'><strong>huius</strong></span> <span class='ocrx_word' id='word_1_27' title='bbox 1065 1026 1192 1100; x_wconf 90' lang='lat' dir='ltr'><strong>saeculi</strong></span> <span class='ocrx_word' id='word_1_28' title='bbox 1214 1051 1255 1100; x_wconf 89' lang='lat' dir='ltr'><strong>ea</strong></span> <span class='ocrx_word' id='word_1_29' title='bbox 1275 1027 1449 1101; x_wconf 83' lang='lat' dir='ltr'><strong>alacritate</strong></span> <span class='ocrx_word' id='word_1_30' title='bbox 1472 1048 1583 1122; x_wconf 87' lang='lat' dir='ltr'><strong>eoque</strong></span> <span class='ocrx_word' id='word_1_31' title='bbox 1607 1046 1768 1096; x_wconf 88' lang='lat' dir='ltr'><strong>successu</strong></span> <span class='ocrx_word' id='word_1_32' title='bbox 1792 1047 1868 1096; x_wconf 87' lang='lat' dir='ltr'><strong>vera</strong></span> <span class='ocrx_word' id='word_1_33' title='bbox 1893 1023 2066 1122; x_wconf 89' lang='lat' dir='ltr'><strong>stupendo</strong></span> <span class='ocrx_word' id='word_1_34' title='bbox 2092 1023 2214 1096; x_wconf 89' lang='lat' dir='ltr'><strong>studiis</strong></span> 
     </span>
     <span class='ocr_line' id='line_1_5' title="bbox 695 1143 2213 1244; baseline -0.005 -20"><span class='ocrx_word' id='word_1_35' title='bbox 695 1147 946 1224; x_wconf 81' lang='lat' dir='ltr'><strong>mathematicis</strong></span> <span class='ocrx_word' id='word_1_36' title='bbox 980 1155 1016 1221; x_wconf 90' lang='lat' dir='ltr'><strong>et</strong></span> <span class='ocrx_word' id='word_1_37' title='bbox 1045 1145 1196 1244; x_wconf 84' lang='lat' dir='ltr'><strong>physicis</strong></span> <span class='ocrx_word' id='word_1_38' title='bbox 1221 1147 1402 1233; x_wconf 88' lang='lat' dir='ltr'><strong>incubuit,</strong></span> <span class='ocrx_word' id='word_1_39' title='bbox 1437 1154 1477 1218; x_wconf 87' lang='lat' dir='ltr'><strong>ut</strong></span> <span class='ocrx_word' id='word_1_40' title='bbox 1501 1151 1789 1240; x_wconf 77' lang='lat' dir='ltr'><strong>torquatosque,</strong></span> <span class='ocrx_word' id='word_1_41' title='bbox 1814 1143 1885 1216; x_wconf 91' lang='lat' dir='ltr'><strong>imo</strong></span> <span class='ocrx_word' id='word_1_42' title='bbox 1910 1143 2096 1242; x_wconf 88' lang='lat' dir='ltr'><strong>quinquies</strong></span> <span class='ocrx_word' id='word_1_43' title='bbox 2119 1166 2213 1240; x_wconf 90' lang='lat' dir='ltr'><strong>prae·</strong></span> 
     </span>
     <span class='ocr_line' id='line_1_6' title="bbox 694 1260 2213 1366; baseline -0.006 -24"><span class='ocrx_word' id='word_1_44' title='bbox 694 1272 802 1342; x_wconf 90' lang='lat' dir='ltr'><strong>mium</strong></span> <span class='ocrx_word' id='word_1_45' title='bbox 830 1275 1019 1366; x_wconf 87' lang='lat' dir='ltr'><strong>reportaret</strong></span> <span class='ocrx_word' id='word_1_46' title='bbox 1041 1289 1207 1352; x_wconf 89' lang='lat' dir='ltr'><strong>aureum,</strong></span> <span class='ocrx_word' id='word_1_47' title='bbox 1234 1265 1410 1352; x_wconf 83' lang='lat' dir='ltr'><strong>Gandavi,</strong></span> <span class='ocrx_word' id='word_1_48' title='bbox 1431 1265 1649 1364; x_wconf 82' lang='lat' dir='ltr'><strong>Groningae,</strong></span> <span class='ocrx_word' id='word_1_49' title='bbox 1673 1262 1873 1350; x_wconf 89' lang='lat' dir='ltr'><strong>Ultraiecti,</strong></span> <span class='ocrx_word' id='word_1_50' title='bbox 1895 1262 1951 1336; x_wconf 93' lang='lat' dir='ltr'><strong>hic</strong></span> <span class='ocrx_word' id='word_1_51' title='bbox 1966 1261 2095 1336; x_wconf 83' lang='lat' dir='ltr'><strong>leidae</strong></span> <span class='ocrx_word' id='word_1_52' title='bbox 2109 1260 2213 1334; x_wconf 87' lang='lat' dir='ltr'><strong>semel</strong></span> 
     </span>
     <span class='ocr_line' id='line_1_7' title="bbox 693 1381 2213 1484; baseline -0.005 -23"><span class='ocrx_word' id='word_1_53' title='bbox 693 1390 900 1484; x_wconf 88' lang='lat' dir='ltr'><strong>iterumque.</strong></span> <span class='ocrx_word' id='word_1_54' title='bbox 953 1383 1069 1456; x_wconf 86' lang='lat' dir='ltr'><strong>Crevit</strong></span> <span class='ocrx_word' id='word_1_55' title='bbox 1103 1382 1150 1456; x_wconf 92' lang='lat' dir='ltr'><strong>sic</strong></span> <span class='ocrx_word' id='word_1_56' title='bbox 1188 1405 1256 1456; x_wconf 92' lang='lat' dir='ltr'><strong>non</strong></span> <span class='ocrx_word' id='word_1_57' title='bbox 1292 1383 1467 1456; x_wconf 89' lang='lat' dir='ltr'><strong>doctrinae</strong></span> <span class='ocrx_word' id='word_1_58' title='bbox 1502 1391 1639 1456; x_wconf 90' lang='lat' dir='ltr'><strong>tantum</strong></span> <span class='ocrx_word' id='word_1_59' title='bbox 1672 1382 1788 1480; x_wconf 82' lang='lat' dir='ltr'><strong>copia,</strong></span> <span class='ocrx_word' id='word_1_60' title='bbox 1823 1382 1885 1456; x_wconf 91' lang='lat' dir='ltr'><strong>sed</strong></span> <span class='ocrx_word' id='word_1_61' title='bbox 1913 1381 2045 1481; x_wconf 78' lang='lat' dir='ltr'><strong>ingenii</strong></span> <span class='ocrx_word' id='word_1_62' title='bbox 2076 1405 2213 1480; x_wconf 87' lang='lat' dir='ltr'><strong>quoque</strong></span> 
     </span>
     <span class='ocr_line' id='line_1_8' title="bbox 695 1499 2211 1599; baseline -0.006 -18"><span class='ocrx_word' id='word_1_63' title='bbox 695 1508 796 1581; x_wconf 89' lang='lat' dir='ltr'><strong>laude</strong></span> <span class='ocrx_word' id='word_1_64' title='bbox 833 1515 868 1578; x_wconf 91' lang='lat' dir='ltr'><strong>et</strong></span> <span class='ocrx_word' id='word_1_65' title='bbox 902 1501 1093 1577; x_wconf 85' lang='lat' dir='ltr'><strong>industriae</strong></span> <span class='ocrx_word' id='word_1_66' title='bbox 1130 1501 1241 1587; x_wconf 87' lang='lat' dir='ltr'><strong>lama,</strong></span> <span class='ocrx_word' id='word_1_67' title='bbox 1276 1501 1325 1574; x_wconf 89' lang='lat' dir='ltr'><strong>ita</strong></span> <span class='ocrx_word' id='word_1_68' title='bbox 1359 1511 1398 1574; x_wconf 90' lang='lat' dir='ltr'><strong>ut</strong></span> <span class='ocrx_word' id='word_1_69' title='bbox 1431 1500 1474 1574; x_wconf 91' lang='lat' dir='ltr'><strong>de</strong></span> <span class='ocrx_word' id='word_1_70' title='bbox 1508 1523 1549 1573; x_wconf 91' lang='lat' dir='ltr'><strong>eo</strong></span> <span class='ocrx_word' id='word_1_71' title='bbox 1576 1499 1707 1596; x_wconf 89' lang='lat' dir='ltr'><strong>optima</strong></span> <span class='ocrx_word' id='word_1_72' title='bbox 1734 1499 1875 1596; x_wconf 85' lang='lat' dir='ltr'><strong>quaevis</strong></span> <span class='ocrx_word' id='word_1_73' title='bbox 1901 1499 2063 1599; x_wconf 79' lang='lat' dir='ltr'><strong>augurari</strong></span> <span class='ocrx_word' id='word_1_74' title='bbox 2088 1499 2211 1572; x_wconf 85' lang='lat' dir='ltr'><strong>liceret</strong></span> 
     </span>
     <span class='ocr_line' id='line_1_9' title="bbox 696 1619 2213 1718; baseline -0.009 -15"><span class='ocrx_word' id='word_1_75' title='bbox 696 1631 812 1704; x_wconf 86' lang='lat' dir='ltr'><strong>Quam</strong></span> <span class='ocrx_word' id='word_1_76' title='bbox 846 1625 973 1698; x_wconf 89' lang='lat' dir='ltr'><strong>lamam</strong></span> <span class='ocrx_word' id='word_1_77' title='bbox 1006 1622 1105 1696; x_wconf 86' lang='lat' dir='ltr'><strong>auxit</strong></span> <span class='ocrx_word' id='word_1_78' title='bbox 1134 1621 1238 1694; x_wconf 89' lang='lat' dir='ltr'><strong>etiam</strong></span> <span class='ocrx_word' id='word_1_79' title='bbox 1263 1621 1473 1718; x_wconf 87' lang='lat' dir='ltr'><strong>disputatio,</strong></span> <span class='ocrx_word' id='word_1_80' title='bbox 1499 1645 1568 1718; x_wconf 92' lang='lat' dir='ltr'><strong>qua</strong></span> <span class='ocrx_word' id='word_1_81' title='bbox 1589 1619 1683 1692; x_wconf 89' lang='lat' dir='ltr'><strong>edita</strong></span> <span class='ocrx_word' id='word_1_82' title='bbox 1710 1627 1745 1691; x_wconf 89' lang='lat' dir='ltr'><strong>at</strong></span> <span class='ocrx_word' id='word_1_83' title='bbox 1773 1619 1915 1693; x_wconf 81' lang='lat' dir='ltr'><strong>defensa</strong></span> <span class='ocrx_word' id='word_1_84' title='bbox 1940 1643 2031 1694; x_wconf 91' lang='lat' dir='ltr'><strong>anno</strong></span> <span class='ocrx_word' id='word_1_85' title='bbox 2056 1619 2213 1694; x_wconf 86' lang='lat' dir='ltr'><strong>vicesimo</strong></span> 
     </span>
     <span class='ocr_line' id='line_1_10' title="bbox 694 1738 2212 1843; baseline -0.003 -26"><span class='ocrx_word' id='word_1_86' title='bbox 694 1747 816 1843; x_wconf 89' lang='lat' dir='ltr'><strong>quinto</strong></span> <span class='ocrx_word' id='word_1_87' title='bbox 845 1767 999 1817; x_wconf 92' lang='lat' dir='ltr'><strong>summos</strong></span> <span class='ocrx_word' id='word_1_88' title='bbox 1029 1743 1176 1815; x_wconf 91' lang='lat' dir='ltr'><strong>honores</strong></span> <span class='ocrx_word' id='word_1_89' title='bbox 1204 1741 1352 1839; x_wconf 88' lang='lat' dir='ltr'><strong>adeptus</strong></span> <span class='ocrx_word' id='word_1_90' title='bbox 1379 1750 1442 1814; x_wconf 92' lang='lat' dir='ltr'><strong>est.</strong></span> <span class='ocrx_word' id='word_1_91' title='bbox 1494 1739 1640 1818; x_wconf 86' lang='lat' dir='ltr'><strong>Quaerit</strong></span> <span class='ocrx_word' id='word_1_92' title='bbox 1664 1738 1748 1812; x_wconf 88' lang='lat' dir='ltr'><strong>haec</strong></span> <span class='ocrx_word' id='word_1_93' title='bbox 1770 1738 1960 1838; x_wconf 84' lang='lat' dir='ltr'><strong>disputatio</strong></span> <span class='ocrx_word' id='word_1_94' title='bbox 1986 1739 2118 1814; x_wconf 87' lang='lat' dir='ltr'><strong>ratione</strong></span> <span class='ocrx_word' id='word_1_95' title='bbox 2144 1763 2212 1812; x_wconf 87' lang='lat' dir='ltr'><strong>ma·</strong></span> 
     </span>
     <span class='ocr_line' id='line_1_11' title="bbox 693 1859 2212 1958; baseline -0.003 -22"><span class='ocrx_word' id='word_1_96' title='bbox 693 1864 879 1938; x_wconf 82' lang='lat' dir='ltr'><strong>thamutica</strong></span> <span class='ocrx_word' id='word_1_97' title='bbox 906 1869 940 1934; x_wconf 88' lang='lat' dir='ltr'><strong>at</strong></span> <span class='ocrx_word' id='word_1_98' title='bbox 964 1861 1105 1958; x_wconf 89' lang='lat' dir='ltr'><strong>physica</strong></span> <span class='ocrx_word' id='word_1_99' title='bbox 1129 1863 1171 1934; x_wconf 87' lang='lat' dir='ltr'><strong>de</strong></span> <span class='ocrx_word' id='word_1_100' title='bbox 1192 1885 1368 1946; x_wconf 77' lang='lat' dir='ltr'><strong>mensura,</strong></span> <span class='ocrx_word' id='word_1_101' title='bbox 1393 1863 1636 1934; x_wconf 78' lang='lat' dir='ltr'><strong>constructione</strong></span> <span class='ocrx_word' id='word_1_102' title='bbox 1654 1867 1689 1932; x_wconf 83' lang='lat' dir='ltr'><strong>et</strong></span> <span class='ocrx_word' id='word_1_103' title='bbox 1710 1859 1893 1932; x_wconf 72' lang='lat' dir='ltr'><strong>munitione</strong></span> <span class='ocrx_word' id='word_1_104' title='bbox 1913 1883 2069 1957; x_wconf 75' lang='lat' dir='ltr'><strong>apparunt</strong></span> <span class='ocrx_word' id='word_1_105' title='bbox 2090 1867 2212 1932; x_wconf 82' lang='lat' dir='ltr'><strong>terreo·</strong></span> 
     </span>
     <span class='ocr_line' id='line_1_12' title="bbox 691 1977 2212 2078; baseline -0.005 -22"><span class='ocrx_word' id='word_1_106' title='bbox 691 2009 785 2071; x_wconf 83' lang='lat' dir='ltr'><strong>rum,</strong></span> <span class='ocrx_word' id='word_1_107' title='bbox 818 1985 868 2055; x_wconf 85' lang='lat' dir='ltr'><strong>od</strong></span> <span class='ocrx_word' id='word_1_108' title='bbox 897 1983 1010 2068; x_wconf 81' lang='lat' dir='ltr'><strong>lacus,</strong></span> <span class='ocrx_word' id='word_1_109' title='bbox 1031 1983 1160 2078; x_wconf 79' lang='lat' dir='ltr'><strong>fluvios</strong></span> <span class='ocrx_word' id='word_1_110' title='bbox 1186 1987 1222 2053; x_wconf 80' lang='lat' dir='ltr'><strong>et</strong></span> <span class='ocrx_word' id='word_1_111' title='bbox 1248 2005 1341 2053; x_wconf 81' lang='lat' dir='ltr'><strong>mare</strong></span> <span class='ocrx_word' id='word_1_112' title='bbox 1370 1980 1413 2052; x_wconf 83' lang='lat' dir='ltr'><strong>ab</strong></span> <span class='ocrx_word' id='word_1_113' title='bbox 1442 1981 1537 2077; x_wconf 75' lang='lat' dir='ltr'><strong>apris</strong></span> <span class='ocrx_word' id='word_1_114' title='bbox 1563 1977 1796 2052; x_wconf 79' lang='lat' dir='ltr'><strong>humilioribus</strong></span> <span class='ocrx_word' id='word_1_115' title='bbox 1824 1981 1984 2052; x_wconf 77' lang='lat' dir='ltr'><strong>arcenda.</strong></span> <span class='ocrx_word' id='word_1_116' title='bbox 2032 1977 2212 2052; x_wconf 83' lang='lat' dir='ltr'><strong>laudatis·</strong></span> 
     </span>
     <span class='ocr_line' id='line_1_13' title="bbox 693 2095 2213 2196; baseline -0.005 -20"><span class='ocrx_word' id='word_1_117' title='bbox 693 2104 781 2176; x_wconf 90' lang='lat' dir='ltr'><strong>simo</strong></span> <span class='ocrx_word' id='word_1_118' title='bbox 803 2097 983 2176; x_wconf 88' lang='lat' dir='ltr'><strong>Leidensis</strong></span> <span class='ocrx_word' id='word_1_119' title='bbox 1006 2098 1216 2174; x_wconf 88' lang='lat' dir='ltr'><strong>Academiae</strong></span> <span class='ocrx_word' id='word_1_120' title='bbox 1238 2097 1406 2196; x_wconf 93' lang='lat' dir='ltr'><strong>discipulo</strong></span> <span class='ocrx_word' id='word_1_121' title='bbox 1429 2122 1489 2196; x_wconf 90' lang='lat' dir='ltr'><strong>per</strong></span> <span class='ocrx_word' id='word_1_122' title='bbox 1511 2095 1651 2195; x_wconf 88' lang='lat' dir='ltr'><strong>aliquod</strong></span> <span class='ocrx_word' id='word_1_123' title='bbox 1680 2105 1819 2194; x_wconf 87' lang='lat' dir='ltr'><strong>tempus</strong></span> <span class='ocrx_word' id='word_1_124' title='bbox 1842 2097 2066 2195; x_wconf 82' lang='lat' dir='ltr'><strong>Groningana</strong></span> <span class='ocrx_word' id='word_1_125' title='bbox 2091 2097 2213 2170; x_wconf 88' lang='lat' dir='ltr'><strong>lectore</strong></span> 
     </span>
     <span class='ocr_line' id='line_1_14' title="bbox 693 2216 2213 2317; baseline -0.004 -23"><span class='ocrx_word' id='word_1_126' title='bbox 693 2247 756 2294; x_wconf 88' lang='lat' dir='ltr'><strong>usa</strong></span> <span class='ocrx_word' id='word_1_127' title='bbox 781 2231 855 2307; x_wconf 91' lang='lat' dir='ltr'><strong>est,</strong></span> <span class='ocrx_word' id='word_1_128' title='bbox 881 2220 942 2317; x_wconf 91' lang='lat' dir='ltr'><strong>qni</strong></span> <span class='ocrx_word' id='word_1_129' title='bbox 969 2218 1204 2292; x_wconf 89' lang='lat' dir='ltr'><strong>mechanicam</strong></span> <span class='ocrx_word' id='word_1_130' title='bbox 1228 2217 1413 2316; x_wconf 89' lang='lat' dir='ltr'><strong>practicam</strong></span> <span class='ocrx_word' id='word_1_131' title='bbox 1439 2217 1488 2290; x_wconf 92' lang='lat' dir='ltr'><strong>ibi</strong></span> <span class='ocrx_word' id='word_1_132' title='bbox 1511 2218 1658 2292; x_wconf 90' lang='lat' dir='ltr'><strong>doceret.</strong></span> <span class='ocrx_word' id='word_1_133' title='bbox 1711 2217 1795 2290; x_wconf 85' lang='lat' dir='ltr'><strong>Mox</strong></span> <span class='ocrx_word' id='word_1_134' title='bbox 1817 2241 1895 2290; x_wconf 88' lang='lat' dir='ltr'><strong>vero</strong></span> <span class='ocrx_word' id='word_1_135' title='bbox 1914 2239 2071 2316; x_wconf 87' lang='lat' dir='ltr'><strong>praeesse</strong></span> <span class='ocrx_word' id='word_1_136' title='bbox 2094 2216 2213 2290; x_wconf 89' lang='lat' dir='ltr'><strong>maluit</strong></span> 
     </span>
     <span class='ocr_line' id='line_1_15' title="bbox 693 2335 2213 2435; baseline -0.004 -22"><span class='ocrx_word' id='word_1_137' title='bbox 693 2341 847 2428; x_wconf 88' lang='lat' dir='ltr'><strong>scholae,</strong></span> <span class='ocrx_word' id='word_1_138' title='bbox 882 2339 949 2412; x_wconf 91' lang='lat' dir='ltr'><strong>illis</strong></span> <span class='ocrx_word' id='word_1_139' title='bbox 985 2338 1118 2412; x_wconf 87' lang='lat' dir='ltr'><strong>artibus</strong></span> <span class='ocrx_word' id='word_1_140' title='bbox 1155 2345 1190 2410; x_wconf 86' lang='lat' dir='ltr'><strong>et</strong></span> <span class='ocrx_word' id='word_1_141' title='bbox 1226 2337 1436 2434; x_wconf 87' lang='lat' dir='ltr'><strong>disciplinis,</strong></span> <span class='ocrx_word' id='word_1_142' title='bbox 1473 2361 1562 2435; x_wconf 92' lang='lat' dir='ltr'><strong>quae</strong></span> <span class='ocrx_word' id='word_1_143' title='bbox 1592 2337 1637 2410; x_wconf 91' lang='lat' dir='ltr'><strong>ab</strong></span> <span class='ocrx_word' id='word_1_144' title='bbox 1672 2335 1843 2408; x_wconf 86' lang='lat' dir='ltr'><strong>industria</strong></span> <span class='ocrx_word' id='word_1_145' title='bbox 1874 2345 2060 2424; x_wconf 89' lang='lat' dir='ltr'><strong>vocantur,</strong></span> <span class='ocrx_word' id='word_1_146' title='bbox 2085 2336 2213 2409; x_wconf 89' lang='lat' dir='ltr'><strong>dicatae</strong></span> 
     </span>
     <span class='ocr_line' id='line_1_16' title="bbox 692 2455 2214 2556; baseline -0.003 -24"><span class='ocrx_word' id='word_1_147' title='bbox 692 2459 811 2556; x_wconf 87' lang='lat' dir='ltr'><strong>ibique</strong></span> <span class='ocrx_word' id='word_1_148' title='bbox 841 2467 913 2531; x_wconf 84' lang='lat' dir='ltr'><strong>tam</strong></span> <span class='ocrx_word' id='word_1_149' title='bbox 950 2456 1169 2530; x_wconf 87' lang='lat' dir='ltr'><strong>institutione</strong></span> <span class='ocrx_word' id='word_1_150' title='bbox 1203 2481 1308 2554; x_wconf 91' lang='lat' dir='ltr'><strong>quam</strong></span> <span class='ocrx_word' id='word_1_151' title='bbox 1325 2457 1436 2530; x_wconf 84' lang='lat' dir='ltr'><strong>&#39;libris</strong></span> <span class='ocrx_word' id='word_1_152' title='bbox 1468 2456 1611 2531; x_wconf 87' lang='lat' dir='ltr'><strong>edendis</strong></span> <span class='ocrx_word' id='word_1_153' title='bbox 1640 2456 1689 2530; x_wconf 88' lang='lat' dir='ltr'><strong>ita</strong></span> <span class='ocrx_word' id='word_1_154' title='bbox 1719 2455 1940 2530; x_wconf 86' lang='lat' dir='ltr'><strong>inclarescere</strong></span> <span class='ocrx_word' id='word_1_155' title='bbox 1972 2455 2141 2554; x_wconf 85' lang='lat' dir='ltr'><strong>perrexit,</strong></span> <span class='ocrx_word' id='word_1_156' title='bbox 2175 2463 2214 2528; x_wconf 93' lang='lat' dir='ltr'><strong>ut</strong></span> 
     </span>
     <span class='ocr_line' id='line_1_17' title="bbox 692 2574 2213 2675; baseline -0.001 -25"><span class='ocrx_word' id='word_1_157' title='bbox 692 2603 783 2651; x_wconf 89' lang='lat' dir='ltr'><strong>anno</strong></span> <span class='ocrx_word' id='word_1_158' title='bbox 807 2578 912 2650; x_wconf 88' lang='lat' dir='ltr'><strong>huius</strong></span> <span class='ocrx_word' id='word_1_159' title='bbox 935 2575 1062 2650; x_wconf 90' lang='lat' dir='ltr'><strong>saeculi</strong></span> <span class='ocrx_word' id='word_1_160' title='bbox 1085 2575 1258 2650; x_wconf 88' lang='lat' dir='ltr'><strong>tricesimo</strong></span> <span class='ocrx_word' id='word_1_161' title='bbox 1282 2601 1372 2650; x_wconf 93' lang='lat' dir='ltr'><strong>nono</strong></span> <span class='ocrx_word' id='word_1_162' title='bbox 1399 2578 1467 2651; x_wconf 88' lang='lat' dir='ltr'><strong>huc</strong></span> <span class='ocrx_word' id='word_1_163' title='bbox 1489 2583 1667 2650; x_wconf 85' lang='lat' dir='ltr'><strong>vocaretur</strong></span> <span class='ocrx_word' id='word_1_164' title='bbox 1692 2574 1891 2650; x_wconf 89' lang='lat' dir='ltr'><strong>Matheseos</strong></span> <span class='ocrx_word' id='word_1_165' title='bbox 1914 2575 2085 2675; x_wconf 85' lang='lat' dir='ltr'><strong>professor</strong></span> <span class='ocrx_word' id='word_1_166' title='bbox 2104 2583 2213 2648; x_wconf 84' lang='lat' dir='ltr'><strong>extra·</strong></span> 
     </span>
     <span class='ocr_line' id='line_1_18' title="bbox 690 2693 2213 2792; baseline -0.001 -24"><span class='ocrx_word' id='word_1_167' title='bbox 690 2695 893 2769; x_wconf 89' lang='lat' dir='ltr'><strong>ordinarius.</strong></span> <span class='ocrx_word' id='word_1_168' title='bbox 944 2693 1134 2791; x_wconf 90' lang='lat' dir='ltr'><strong>Postquam</strong></span> <span class='ocrx_word' id='word_1_169' title='bbox 1172 2718 1263 2768; x_wconf 92' lang='lat' dir='ltr'><strong>anno</strong></span> <span class='ocrx_word' id='word_1_170' title='bbox 1299 2695 1564 2792; x_wconf 83' lang='lat' dir='ltr'><strong>quadragesimo</strong></span> <span class='ocrx_word' id='word_1_171' title='bbox 1602 2694 1726 2792; x_wconf 91' lang='lat' dir='ltr'><strong>quinto</strong></span> <span class='ocrx_word' id='word_1_172' title='bbox 1756 2695 1949 2769; x_wconf 88' lang='lat' dir='ltr'><strong>ordinarius</strong></span> <span class='ocrx_word' id='word_1_173' title='bbox 1982 2704 2036 2768; x_wconf 89' lang='lat' dir='ltr'><strong>est</strong></span> <span class='ocrx_word' id='word_1_174' title='bbox 2062 2704 2213 2780; x_wconf 88' lang='lat' dir='ltr'><strong>creatus,</strong></span> 
     </span>
     <span class='ocr_line' id='line_1_19' title="bbox 691 2812 2213 2912; baseline 0 -25"><span class='ocrx_word' id='word_1_175' title='bbox 691 2815 840 2888; x_wconf 88' lang='lat' dir='ltr'><strong>Geldero</strong></span> <span class='ocrx_word' id='word_1_176' title='bbox 865 2837 950 2899; x_wconf 92' lang='lat' dir='ltr'><strong>suo,</strong></span> <span class='ocrx_word' id='word_1_177' title='bbox 983 2812 1084 2886; x_wconf 91' lang='lat' dir='ltr'><strong>cuius</strong></span> <span class='ocrx_word' id='word_1_178' title='bbox 1108 2821 1145 2885; x_wconf 89' lang='lat' dir='ltr'><strong>et</strong></span> <span class='ocrx_word' id='word_1_179' title='bbox 1169 2813 1273 2885; x_wconf 89' lang='lat' dir='ltr'><strong>vitam</strong></span> <span class='ocrx_word' id='word_1_180' title='bbox 1299 2812 1479 2909; x_wconf 88' lang='lat' dir='ltr'><strong>descripsit</strong></span> <span class='ocrx_word' id='word_1_181' title='bbox 1502 2821 1537 2885; x_wconf 89' lang='lat' dir='ltr'><strong>et</strong></span> <span class='ocrx_word' id='word_1_182' title='bbox 1562 2812 1705 2898; x_wconf 89' lang='lat' dir='ltr'><strong>merita,</strong></span> <span class='ocrx_word' id='word_1_183' title='bbox 1732 2813 1777 2886; x_wconf 90' lang='lat' dir='ltr'><strong>ab</strong></span> <span class='ocrx_word' id='word_1_184' title='bbox 1800 2813 1898 2886; x_wconf 89' lang='lat' dir='ltr'><strong>omni</strong></span> <span class='ocrx_word' id='word_1_185' title='bbox 1921 2821 2019 2912; x_wconf 87' lang='lat' dir='ltr'><strong>parte</strong></span> <span class='ocrx_word' id='word_1_186' title='bbox 2042 2813 2213 2887; x_wconf 88' lang='lat' dir='ltr'><strong>successit.</strong></span> 
     </span>
     <span class='ocr_line' id='line_1_20' title="bbox 691 2929 2214 3030; baseline -0.001 -23"><span class='ocrx_word' id='word_1_187' title='bbox 691 2935 758 3007; x_wconf 89' lang='lat' dir='ltr'><strong>Per</strong></span> <span class='ocrx_word' id='word_1_188' title='bbox 778 2933 932 3029; x_wconf 88' lang='lat' dir='ltr'><strong>quinque</strong></span> <span class='ocrx_word' id='word_1_189' title='bbox 953 2931 1061 3027; x_wconf 84' lang='lat' dir='ltr'><strong>igitur</strong></span> <span class='ocrx_word' id='word_1_190' title='bbox 1086 2929 1196 3002; x_wconf 91' lang='lat' dir='ltr'><strong>lustra</strong></span> <span class='ocrx_word' id='word_1_191' title='bbox 1218 2939 1254 3002; x_wconf 90' lang='lat' dir='ltr'><strong>et</strong></span> <span class='ocrx_word' id='word_1_192' title='bbox 1274 2930 1368 3027; x_wconf 93' lang='lat' dir='ltr'><strong>quod</strong></span> <span class='ocrx_word' id='word_1_193' title='bbox 1390 2930 1540 3004; x_wconf 82' lang='lat' dir='ltr'><strong>excurrit</strong></span> <span class='ocrx_word' id='word_1_194' title='bbox 1559 2929 1735 3018; x_wconf 87' lang='lat' dir='ltr'><strong>docendo,</strong></span> <span class='ocrx_word' id='word_1_195' title='bbox 1761 2931 1995 3020; x_wconf 88' lang='lat' dir='ltr'><strong>adhortando,</strong></span> <span class='ocrx_word' id='word_1_196' title='bbox 2020 2931 2214 3030; x_wconf 87' lang='lat' dir='ltr'><strong>praeeundo</strong></span> 
     </span>
     <span class='ocr_line' id='line_1_21' title="bbox 689 3047 2214 3150; baseline 0 -24"><span class='ocrx_word' id='word_1_197' title='bbox 689 3049 864 3126; x_wconf 85' lang='lat' dir='ltr'><strong>iuventuti</strong></span> <span class='ocrx_word' id='word_1_198' title='bbox 881 3047 1108 3122; x_wconf 79' lang='lat' dir='ltr'><strong>Academicos</strong></span> <span class='ocrx_word' id='word_1_199' title='bbox 1130 3047 1267 3146; x_wconf 84' lang='lat' dir='ltr'><strong>egregie</strong></span> <span class='ocrx_word' id='word_1_200' title='bbox 1289 3049 1428 3147; x_wconf 89' lang='lat' dir='ltr'><strong>proluit.</strong></span> <span class='ocrx_word' id='word_1_201' title='bbox 1461 3049 1593 3147; x_wconf 84' lang='lat' dir='ltr'><strong>Magna</strong></span> <span class='ocrx_word' id='word_1_202' title='bbox 1610 3049 1646 3122; x_wconf 93' lang='lat' dir='ltr'><strong>in</strong></span> <span class='ocrx_word' id='word_1_203' title='bbox 1666 3075 1707 3123; x_wconf 92' lang='lat' dir='ltr'><strong>eo</strong></span> <span class='ocrx_word' id='word_1_204' title='bbox 1724 3059 1797 3126; x_wconf 87' lang='lat' dir='ltr'><strong>erat</strong></span> <span class='ocrx_word' id='word_1_205' title='bbox 1813 3051 2062 3150; x_wconf 89' lang='lat' dir='ltr'><strong>discipulorum</strong></span> <span class='ocrx_word' id='word_1_206' title='bbox 2080 3075 2163 3125; x_wconf 89' lang='lat' dir='ltr'><strong>cura</strong></span> <span class='ocrx_word' id='word_1_207' title='bbox 2181 3059 2214 3126; x_wconf 82' lang='lat' dir='ltr'><strong>at</strong></span> 
     </span>
     <span class='ocr_line' id='line_1_22' title="bbox 692 3166 2213 3268; baseline -0.003 -22"><span class='ocrx_word' id='word_1_208' title='bbox 692 3169 906 3255; x_wconf 86' lang='lat' dir='ltr'><strong>sollicitudo,</strong></span> <span class='ocrx_word' id='word_1_209' title='bbox 929 3167 1078 3266; x_wconf 90' lang='lat' dir='ltr'><strong>nequid</strong></span> <span class='ocrx_word' id='word_1_210' title='bbox 1102 3166 1276 3264; x_wconf 85' lang='lat' dir='ltr'><strong>agendum</strong></span> <span class='ocrx_word' id='word_1_211' title='bbox 1299 3167 1523 3266; x_wconf 89' lang='lat' dir='ltr'><strong>relinqueret;</strong></span> <span class='ocrx_word' id='word_1_212' title='bbox 1550 3193 1677 3268; x_wconf 87' lang='lat' dir='ltr'><strong>magna</strong></span> <span class='ocrx_word' id='word_1_213' title='bbox 1694 3169 1731 3242; x_wconf 91' lang='lat' dir='ltr'><strong>in</strong></span> <span class='ocrx_word' id='word_1_214' title='bbox 1751 3194 1805 3243; x_wconf 87' lang='lat' dir='ltr'><strong>ras</strong></span> <span class='ocrx_word' id='word_1_215' title='bbox 1820 3171 1926 3245; x_wconf 84' lang='lat' dir='ltr'><strong>atium</strong></span> <span class='ocrx_word' id='word_1_216' title='bbox 1942 3170 2213 3245; x_wconf 86' lang='lat' dir='ltr'><strong>abstrusissimas</strong></span> 
     </span>
     <span class='ocr_line' id='line_1_23' title="bbox 692 3285 2214 3389; baseline -0.001 -26"><span class='ocrx_word' id='word_1_217' title='bbox 692 3301 728 3364; x_wconf 87' lang='lat' dir='ltr'><strong>at</strong></span> <span class='ocrx_word' id='word_1_218' title='bbox 750 3287 1000 3362; x_wconf 89' lang='lat' dir='ltr'><strong>minutissimas</strong></span> <span class='ocrx_word' id='word_1_219' title='bbox 1022 3285 1220 3384; x_wconf 91' lang='lat' dir='ltr'><strong>inquirendi</strong></span> <span class='ocrx_word' id='word_1_220' title='bbox 1243 3287 1454 3387; x_wconf 71' lang='lat' dir='ltr'><strong>dupa&#39;stara5</strong></span> <span class='ocrx_word' id='word_1_221' title='bbox 1481 3313 1607 3388; x_wconf 83' lang='lat' dir='ltr'><strong>magna</strong></span> <span class='ocrx_word' id='word_1_222' title='bbox 1628 3289 1828 3388; x_wconf 87' lang='lat' dir='ltr'><strong>praesertim</strong></span> <span class='ocrx_word' id='word_1_223' title='bbox 1852 3290 1888 3364; x_wconf 94' lang='lat' dir='ltr'><strong>in</strong></span> <span class='ocrx_word' id='word_1_224' title='bbox 1913 3291 2067 3365; x_wconf 91' lang='lat' dir='ltr'><strong>docendo</strong></span> <span class='ocrx_word' id='word_1_225' title='bbox 2086 3290 2214 3389; x_wconf 86' lang='lat' dir='ltr'><strong>perspi·</strong></span> 
     </span>
     <span class='ocr_line' id='line_1_24' title="bbox 692 3405 2215 3506; baseline -0.001 -24"><span class='ocrx_word' id='word_1_226' title='bbox 692 3409 803 3482; x_wconf 86' lang='lat' dir='ltr'><strong>cuitus</strong></span> <span class='ocrx_word' id='word_1_227' title='bbox 818 3417 853 3482; x_wconf 92' lang='lat' dir='ltr'><strong>et</strong></span> <span class='ocrx_word' id='word_1_228' title='bbox 868 3405 1007 3481; x_wconf 85' lang='lat' dir='ltr'><strong>ubertas</strong></span> <span class='ocrx_word' id='word_1_229' title='bbox 1022 3417 1057 3480; x_wconf 88' lang='lat' dir='ltr'><strong>at</strong></span> <span class='ocrx_word' id='word_1_230' title='bbox 1073 3405 1162 3478; x_wconf 90' lang='lat' dir='ltr'><strong>mira</strong></span> <span class='ocrx_word' id='word_1_231' title='bbox 1177 3409 1347 3503; x_wconf 88' lang='lat' dir='ltr'><strong>quaedam</strong></span> <span class='ocrx_word' id='word_1_232' title='bbox 1363 3409 1398 3480; x_wconf 93' lang='lat' dir='ltr'><strong>in</strong></span> <span class='ocrx_word' id='word_1_233' title='bbox 1414 3409 1649 3482; x_wconf 88' lang='lat' dir='ltr'><strong>describendis</strong></span> <span class='ocrx_word' id='word_1_234' title='bbox 1665 3409 1787 3506; x_wconf 84' lang='lat' dir='ltr'><strong>figuris</strong></span> <span class='ocrx_word' id='word_1_235' title='bbox 1803 3410 2058 3484; x_wconf 88' lang='lat' dir='ltr'><strong>mathematicis</strong></span> <span class='ocrx_word' id='word_1_236' title='bbox 2073 3410 2215 3506; x_wconf 88' lang='lat' dir='ltr'><strong>aliisque</strong></span> 
     </span>
     <span class='ocr_line' id='line_1_25' title="bbox 693 3525 2215 3629; baseline 0 -29"><span class='ocrx_word' id='word_1_237' title='bbox 693 3528 842 3601; x_wconf 87' lang='lat' dir='ltr'><strong>sollertia</strong></span> <span class='ocrx_word' id='word_1_238' title='bbox 866 3537 901 3602; x_wconf 88' lang='lat' dir='ltr'><strong>et</strong></span> <span class='ocrx_word' id='word_1_239' title='bbox 925 3525 1122 3601; x_wconf 83' lang='lat' dir='ltr'><strong>dexteritas.</strong></span> <span class='ocrx_word' id='word_1_240' title='bbox 1174 3529 1207 3600; x_wconf 89' lang='lat' dir='ltr'><strong>A</strong></span> <span class='ocrx_word' id='word_1_241' title='bbox 1239 3525 1343 3600; x_wconf 89' lang='lat' dir='ltr'><strong>rebus</strong></span> <span class='ocrx_word' id='word_1_242' title='bbox 1370 3527 1518 3626; x_wconf 91' lang='lat' dir='ltr'><strong>publicis</strong></span> <span class='ocrx_word' id='word_1_243' title='bbox 1544 3529 1794 3625; x_wconf 88' lang='lat' dir='ltr'><strong>hominumque</strong></span> <span class='ocrx_word' id='word_1_244' title='bbox 1823 3553 1891 3602; x_wconf 92' lang='lat' dir='ltr'><strong>usu</strong></span> <span class='ocrx_word' id='word_1_245' title='bbox 1925 3530 2028 3629; x_wconf 90' lang='lat' dir='ltr'><strong>paulo</strong></span> <span class='ocrx_word' id='word_1_246' title='bbox 2061 3529 2215 3614; x_wconf 89' lang='lat' dir='ltr'><strong>alienior,</strong></span> 
     </span>
     <span class='ocr_line' id='line_1_26' title="bbox 693 3646 2217 3746; baseline -0.001 -25"><span class='ocrx_word' id='word_1_247' title='bbox 693 3672 761 3721; x_wconf 94' lang='lat' dir='ltr'><strong>non</strong></span> <span class='ocrx_word' id='word_1_248' title='bbox 796 3647 862 3720; x_wconf 93' lang='lat' dir='ltr'><strong>sihi</strong></span> <span class='ocrx_word' id='word_1_249' title='bbox 890 3657 1004 3722; x_wconf 87' lang='lat' dir='ltr'><strong>tamen</strong></span> <span class='ocrx_word' id='word_1_250' title='bbox 1040 3647 1144 3733; x_wconf 85' lang='lat' dir='ltr'><strong>vixit,</strong></span> <span class='ocrx_word' id='word_1_251' title='bbox 1182 3646 1244 3720; x_wconf 89' lang='lat' dir='ltr'><strong>sed</strong></span> <span class='ocrx_word' id='word_1_252' title='bbox 1267 3647 1443 3745; x_wconf 87' lang='lat' dir='ltr'><strong>discipulis</strong></span> <span class='ocrx_word' id='word_1_253' title='bbox 1469 3656 1505 3721; x_wconf 90' lang='lat' dir='ltr'><strong>et</strong></span> <span class='ocrx_word' id='word_1_254' title='bbox 1538 3647 1769 3721; x_wconf 87' lang='lat' dir='ltr'><strong>dilectissimis</strong></span> <span class='ocrx_word' id='word_1_255' title='bbox 1796 3649 1862 3720; x_wconf 91' lang='lat' dir='ltr'><strong>sibi</strong></span> <span class='ocrx_word' id='word_1_256' title='bbox 1887 3649 2099 3746; x_wconf 87' lang='lat' dir='ltr'><strong>disciplinis,</strong></span> <span class='ocrx_word' id='word_1_257' title='bbox 2132 3647 2217 3722; x_wconf 91' lang='lat' dir='ltr'><strong>nihil</strong></span> 
     </span>
     <span class='ocr_line' id='line_1_27' title="bbox 693 3767 2217 3866; baseline -0.003 -24"><span class='ocrx_word' id='word_1_258' title='bbox 693 3768 805 3866; x_wconf 82' lang='lat' dir='ltr'><strong>magis</strong></span> <span class='ocrx_word' id='word_1_259' title='bbox 832 3791 957 3841; x_wconf 89' lang='lat' dir='ltr'><strong>curans</strong></span> <span class='ocrx_word' id='word_1_260' title='bbox 983 3791 1088 3865; x_wconf 89' lang='lat' dir='ltr'><strong>quam</strong></span> <span class='ocrx_word' id='word_1_261' title='bbox 1120 3775 1161 3838; x_wconf 89' lang='lat' dir='ltr'><strong>ut</strong></span> <span class='ocrx_word' id='word_1_262' title='bbox 1189 3767 1415 3864; x_wconf 86' lang='lat' dir='ltr'><strong>provinciam,</strong></span> <span class='ocrx_word' id='word_1_263' title='bbox 1454 3791 1558 3864; x_wconf 92' lang='lat' dir='ltr'><strong>quam</strong></span> <span class='ocrx_word' id='word_1_264' title='bbox 1595 3768 1737 3842; x_wconf 89' lang='lat' dir='ltr'><strong>sortitus</strong></span> <span class='ocrx_word' id='word_1_265' title='bbox 1773 3775 1865 3854; x_wconf 90' lang='lat' dir='ltr'><strong>erat,</strong></span> <span class='ocrx_word' id='word_1_266' title='bbox 1898 3767 2119 3843; x_wconf 85' lang='lat' dir='ltr'><strong>honorificam</strong></span> <span class='ocrx_word' id='word_1_267' title='bbox 2154 3767 2217 3840; x_wconf 89' lang='lat' dir='ltr'><strong>rita</strong></span> 
     </span>
     <span class='ocr_line' id='line_1_28' title="bbox 693 3885 2216 3986; baseline -0.001 -24"><span class='ocrx_word' id='word_1_268' title='bbox 693 3886 949 3962; x_wconf 75' lang='lat' dir='ltr'><strong>administrarat</strong></span> <span class='ocrx_word' id='word_1_269' title='bbox 972 3895 1008 3958; x_wconf 88' lang='lat' dir='ltr'><strong>at</strong></span> <span class='ocrx_word' id='word_1_270' title='bbox 1031 3885 1127 3958; x_wconf 92' lang='lat' dir='ltr'><strong>nulla</strong></span> <span class='ocrx_word' id='word_1_271' title='bbox 1150 3885 1185 3958; x_wconf 92' lang='lat' dir='ltr'><strong>in</strong></span> <span class='ocrx_word' id='word_1_272' title='bbox 1213 3910 1249 3960; x_wconf 92' lang='lat' dir='ltr'><strong>re</strong></span> <span class='ocrx_word' id='word_1_273' title='bbox 1275 3886 1409 3960; x_wconf 77' lang='lat' dir='ltr'><strong>deesset</strong></span> <span class='ocrx_word' id='word_1_274' title='bbox 1440 3887 1560 3962; x_wconf 90' lang='lat' dir='ltr'><strong>officio.</strong></span> <span class='ocrx_word' id='word_1_275' title='bbox 1611 3885 1775 3960; x_wconf 90' lang='lat' dir='ltr'><strong>Pluribus</strong></span> <span class='ocrx_word' id='word_1_276' title='bbox 1804 3886 1966 3986; x_wconf 89' lang='lat' dir='ltr'><strong>deinceps</strong></span> <span class='ocrx_word' id='word_1_277' title='bbox 1996 3887 2216 3962; x_wconf 87' lang='lat' dir='ltr'><strong>societatibus</strong></span> 
     </span>
     <span class='ocr_line' id='line_1_29' title="bbox 693 4004 2214 4103; baseline 0.001 -24"><span class='ocrx_word' id='word_1_278' title='bbox 693 4007 821 4094; x_wconf 88' lang='lat' dir='ltr'><strong>doctis,</strong></span> <span class='ocrx_word' id='word_1_279' title='bbox 845 4007 951 4080; x_wconf 89' lang='lat' dir='ltr'><strong>etiam</strong></span> <span class='ocrx_word' id='word_1_280' title='bbox 975 4004 1069 4103; x_wconf 87' lang='lat' dir='ltr'><strong>apud</strong></span> <span class='ocrx_word' id='word_1_281' title='bbox 1093 4013 1248 4093; x_wconf 84' lang='lat' dir='ltr'><strong>exteros,</strong></span> <span class='ocrx_word' id='word_1_282' title='bbox 1273 4005 1466 4103; x_wconf 91' lang='lat' dir='ltr'><strong>adscriptus</strong></span> <span class='ocrx_word' id='word_1_283' title='bbox 1492 4016 1560 4092; x_wconf 89' lang='lat' dir='ltr'><strong>est,</strong></span> <span class='ocrx_word' id='word_1_284' title='bbox 1586 4006 1666 4079; x_wconf 89' lang='lat' dir='ltr'><strong>licet</strong></span> <span class='ocrx_word' id='word_1_285' title='bbox 1691 4006 1871 4079; x_wconf 90' lang='lat' dir='ltr'><strong>hominum</strong></span> <span class='ocrx_word' id='word_1_286' title='bbox 1903 4007 2023 4080; x_wconf 89' lang='lat' dir='ltr'><strong>laudes</strong></span> <span class='ocrx_word' id='word_1_287' title='bbox 2048 4032 2117 4081; x_wconf 95' lang='lat' dir='ltr'><strong>non</strong></span> <span class='ocrx_word' id='word_1_288' title='bbox 2144 4031 2214 4082; x_wconf 88' lang='lat' dir='ltr'><strong>am·</strong></span> 
     </span>
     <span class='ocr_line' id='line_1_30' title="bbox 693 4122 2213 4224; baseline 0 -26"><span class='ocrx_word' id='word_1_289' title='bbox 693 4125 793 4199; x_wconf 91' lang='lat' dir='ltr'><strong>biret.</strong></span> <span class='ocrx_word' id='word_1_290' title='bbox 843 4125 920 4198; x_wconf 84' lang='lat' dir='ltr'><strong>Rex</strong></span> <span class='ocrx_word' id='word_1_291' title='bbox 946 4149 1028 4198; x_wconf 88' lang='lat' dir='ltr'><strong>aum</strong></span> <span class='ocrx_word' id='word_1_292' title='bbox 1062 4122 1260 4222; x_wconf 79' lang='lat' dir='ltr'><strong>insignibus</strong></span> <span class='ocrx_word' id='word_1_293' title='bbox 1291 4125 1424 4198; x_wconf 89' lang='lat' dir='ltr'><strong>ornavit</strong></span> <span class='ocrx_word' id='word_1_294' title='bbox 1458 4123 1585 4198; x_wconf 88' lang='lat' dir='ltr'><strong>Leonis</strong></span> <span class='ocrx_word' id='word_1_295' title='bbox 1622 4125 1841 4199; x_wconf 90' lang='lat' dir='ltr'><strong>Neerlandici</strong></span> <span class='ocrx_word' id='word_1_296' title='bbox 1876 4127 2006 4224; x_wconf 87' lang='lat' dir='ltr'><strong>optime</strong></span> <span class='ocrx_word' id='word_1_297' title='bbox 2040 4127 2213 4200; x_wconf 88' lang='lat' dir='ltr'><strong>meritum.</strong></span> 
     </span>
     <span class='ocr_line' id='line_1_31' title="bbox 694 4241 2213 4342; baseline -0.004 -20"><span class='ocrx_word' id='word_1_298' title='bbox 694 4247 794 4322; x_wconf 87' lang='lat' dir='ltr'><strong>Quae</strong></span> <span class='ocrx_word' id='word_1_299' title='bbox 821 4253 937 4318; x_wconf 91' lang='lat' dir='ltr'><strong>autem</strong></span> <span class='ocrx_word' id='word_1_300' title='bbox 971 4268 1075 4342; x_wconf 90' lang='lat' dir='ltr'><strong>opera</strong></span> <span class='ocrx_word' id='word_1_301' title='bbox 1105 4242 1232 4330; x_wconf 88' lang='lat' dir='ltr'><strong>edidit,</strong></span> <span class='ocrx_word' id='word_1_302' title='bbox 1269 4266 1417 4340; x_wconf 92' lang='lat' dir='ltr'><strong>quornm</strong></span> <span class='ocrx_word' id='word_1_303' title='bbox 1440 4242 1543 4338; x_wconf 84' lang='lat' dir='ltr'><strong>longa</strong></span> <span class='ocrx_word' id='word_1_304' title='bbox 1572 4241 1675 4314; x_wconf 88' lang='lat' dir='ltr'><strong>series</strong></span> <span class='ocrx_word' id='word_1_305' title='bbox 1706 4251 1775 4327; x_wconf 90' lang='lat' dir='ltr'><strong>est,</strong></span> <span class='ocrx_word' id='word_1_306' title='bbox 1810 4267 1850 4316; x_wconf 87' lang='lat' dir='ltr'><strong>aa</strong></span> <span class='ocrx_word' id='word_1_307' title='bbox 1883 4243 2000 4316; x_wconf 89' lang='lat' dir='ltr'><strong>omnia</strong></span> <span class='ocrx_word' id='word_1_308' title='bbox 2027 4244 2213 4342; x_wconf 79' lang='lat' dir='ltr'><strong>magnoin</strong></span> 
     </span>
     <span class='ocr_line' id='line_1_32' title="bbox 694 4359 2214 4462; baseline 0.001 -27"><span class='ocrx_word' id='word_1_309' title='bbox 694 4363 822 4436; x_wconf 90' lang='lat' dir='ltr'><strong>honore</strong></span> <span class='ocrx_word' id='word_1_310' title='bbox 845 4374 926 4436; x_wconf 91' lang='lat' dir='ltr'><strong>sunt</strong></span> <span class='ocrx_word' id='word_1_311' title='bbox 949 4363 1087 4451; x_wconf 87' lang='lat' dir='ltr'><strong>habita,</strong></span> <span class='ocrx_word' id='word_1_312' title='bbox 1110 4361 1236 4462; x_wconf 89' lang='lat' dir='ltr'><strong>partim</strong></span> <span class='ocrx_word' id='word_1_313' title='bbox 1260 4361 1414 4460; x_wconf 90' lang='lat' dir='ltr'><strong>repetitis</strong></span> <span class='ocrx_word' id='word_1_314' title='bbox 1443 4361 1546 4434; x_wconf 89' lang='lat' dir='ltr'><strong>etiam</strong></span> <span class='ocrx_word' id='word_1_315' title='bbox 1573 4359 1784 4434; x_wconf 84' lang='lat' dir='ltr'><strong>editionibus</strong></span> <span class='ocrx_word' id='word_1_316' title='bbox 1815 4361 1991 4462; x_wconf 81' lang='lat' dir='ltr'><strong>divulgata</strong></span> <span class='ocrx_word' id='word_1_317' title='bbox 2020 4373 2056 4435; x_wconf 87' lang='lat' dir='ltr'><strong>at</strong></span> <span class='ocrx_word' id='word_1_318' title='bbox 2082 4387 2214 4461; x_wconf 84' lang='lat' dir='ltr'><strong>germa-</strong></span> 
     </span>
     <span class='ocr_line' id='line_1_33' title="bbox 692 4480 2215 4584; baseline 0.001 -29"><span class='ocrx_word' id='word_1_319' title='bbox 692 4483 769 4556; x_wconf 87' lang='lat' dir='ltr'><strong>nice</strong></span> <span class='ocrx_word' id='word_1_320' title='bbox 802 4505 907 4554; x_wconf 87' lang='lat' dir='ltr'><strong>versa.</strong></span> <span class='ocrx_word' id='word_1_321' title='bbox 943 4482 1028 4554; x_wconf 76' lang='lat' dir='ltr'><strong>‘Sed</strong></span> <span class='ocrx_word' id='word_1_322' title='bbox 1064 4506 1182 4554; x_wconf 93' lang='lat' dir='ltr'><strong>meum</strong></span> <span class='ocrx_word' id='word_1_323' title='bbox 1212 4505 1281 4554; x_wconf 92' lang='lat' dir='ltr'><strong>non</strong></span> <span class='ocrx_word' id='word_1_324' title='bbox 1313 4491 1385 4568; x_wconf 90' lang='lat' dir='ltr'><strong>est,</strong></span> <span class='ocrx_word' id='word_1_325' title='bbox 1412 4480 1616 4554; x_wconf 90' lang='lat' dir='ltr'><strong>Auditoresl</strong></span> <span class='ocrx_word' id='word_1_326' title='bbox 1644 4480 1706 4554; x_wconf 88' lang='lat' dir='ltr'><strong>viri</strong></span> <span class='ocrx_word' id='word_1_327' title='bbox 1731 4481 1943 4556; x_wconf 87' lang='lat' dir='ltr'><strong>celeberrimi</strong></span> <span class='ocrx_word' id='word_1_328' title='bbox 1965 4483 2001 4556; x_wconf 91' lang='lat' dir='ltr'><strong>in</strong></span> <span class='ocrx_word' id='word_1_329' title='bbox 2026 4483 2215 4584; x_wconf 90' lang='lat' dir='ltr'><strong>disciplinis</strong></span> 
     </span>
     <span class='ocr_line' id='line_1_34' title="bbox 695 4597 2214 4696; baseline 0.002 -22"><span class='ocrx_word' id='word_1_330' title='bbox 695 4598 947 4674; x_wconf 89' lang='lat' dir='ltr'><strong>mathematicis</strong></span> <span class='ocrx_word' id='word_1_331' title='bbox 978 4607 1013 4672; x_wconf 94' lang='lat' dir='ltr'><strong>et</strong></span> <span class='ocrx_word' id='word_1_332' title='bbox 1043 4597 1250 4672; x_wconf 87' lang='lat' dir='ltr'><strong>mechanicis</strong></span> <span class='ocrx_word' id='word_1_333' title='bbox 1277 4599 1399 4673; x_wconf 78' lang='lat' dir='ltr'><strong>menta</strong></span> <span class='ocrx_word' id='word_1_334' title='bbox 1422 4622 1590 4696; x_wconf 86' lang='lat' dir='ltr'><strong>exponere</strong></span> <span class='ocrx_word' id='word_1_335' title='bbox 1614 4609 1675 4672; x_wconf 90' lang='lat' dir='ltr'><strong>aut</strong></span> <span class='ocrx_word' id='word_1_336' title='bbox 1700 4599 1897 4674; x_wconf 91' lang='lat' dir='ltr'><strong>diiudicare.</strong></span> <span class='ocrx_word' id='word_1_337' title='bbox 1947 4601 2069 4676; x_wconf 87' lang='lat' dir='ltr'><strong>Laudo</strong></span> <span class='ocrx_word' id='word_1_338' title='bbox 2094 4603 2214 4677; x_wconf 91' lang='lat' dir='ltr'><strong>indus·</strong></span> 
     </span>
     <span class='ocr_line' id='line_1_35' title="bbox 695 4717 2215 4821; baseline 0.003 -30"><span class='ocrx_word' id='word_1_339' title='bbox 695 4720 796 4793; x_wconf 88' lang='lat' dir='ltr'><strong>trium</strong></span> <span class='ocrx_word' id='word_1_340' title='bbox 830 4728 866 4792; x_wconf 87' lang='lat' dir='ltr'><strong>et</strong></span> <span class='ocrx_word' id='word_1_341' title='bbox 899 4717 1186 4816; x_wconf 89' lang='lat' dir='ltr'><strong>perseverantiam</strong></span> <span class='ocrx_word' id='word_1_342' title='bbox 1219 4717 1315 4790; x_wconf 93' lang='lat' dir='ltr'><strong>nullo</strong></span> <span class='ocrx_word' id='word_1_343' title='bbox 1348 4741 1416 4790; x_wconf 92' lang='lat' dir='ltr'><strong>non</strong></span> <span class='ocrx_word' id='word_1_344' title='bbox 1453 4717 1632 4814; x_wconf 89' lang='lat' dir='ltr'><strong>praeconio</strong></span> <span class='ocrx_word' id='word_1_345' title='bbox 1665 4719 1839 4794; x_wconf 89' lang='lat' dir='ltr'><strong>maiorem.</strong></span> <span class='ocrx_word' id='word_1_346' title='bbox 1901 4719 2079 4794; x_wconf 89' lang='lat' dir='ltr'><strong>Imbecilla</strong></span> <span class='ocrx_word' id='word_1_347' title='bbox 2113 4746 2215 4821; x_wconf 88' lang='lat' dir='ltr'><strong>saepe</strong></span> 
     </span>
    </p>
   </div>
   <div class='ocr_carea' id='block_1_3' title="bbox 0 0 2469 6180">
    <p class='ocr_par' dir='ltr' id='par_1_3' title="bbox 0 0 2469 6180">
     <span class='ocr_line' id='line_1_36' title="bbox 0 0 2469 6180; baseline 0 0"><span class='ocrx_word' id='word_1_348' title='bbox 0 0 2469 6180; x_wconf 95' lang='lat' dir='ltr'><strong> </strong></span> 
     </span>
    </p>
   </div>
  </div>
 </body>
</html>
