4926 6180
670 565 714 632 aa
1101 651 1108 663 ι
1256 568 1279 632 ι.
1328 567 1607 633 r.rn1us

670 772 748 846 Nec
778 771 885 849 dubia
918 795 973 846 res
994 781 1074 861 est,
1109 772 1192 870 quin
1221 773 1316 848 huno
1337 773 1471 860 locum,
1497 799 1559 872 pru
1584 773 1715 850 meritis
1737 775 1843 862 Tuis,
1867 775 1916 850 ite
1938 777 2093 851 luiturus
2120 777 2197 866 sis,

673 902 714 966 ut
745 891 951 967 Academiae
985 892 1128 990 gloriam
1164 917 1292 990 augeas
1326 903 1363 966 et
1395 894 1640 993 discipulorum
1668 894 1821 968 'I'uorum
1847 896 2029 970 commode
2053 896 2187 994 egregie

669 1037 778 1088 cures.
814 1053 861 1071 ·-
895 1013 1010 1090 Quem
1045 1021 1162 1086 eutem
1190 1012 1225 1086 in
1251 1012 1370 1086 eadem
1396 1013 1576 1087 Facultate
1602 1013 1714 1089 locum
1742 1013 1797 1086 Tu
1820 1037 1988 1113 occupas,
2016 1017 2100 1089 Iane
2123 1039 2184 1090 ven

670 1133 731 1208 der
767 1132 929 1206 Hoevenl
965 1133 1114 1206 eundem
1148 1131 1198 1204 'Pe
1234 1133 1301 1206 iam
1335 1157 1395 1228 per
1428 1131 1658 1230 quadraginta
1680 1157 1789 1206 annos
1815 1141 1850 1204 et
1877 1135 2027 1231 amplius
2053 1137 2189 1234 egregie

669 1253 843 1338 tenuisse,
880 1251 918 1327 id
955 1251 1096 1348 quidem
1133 1275 1254 1326 omnes
1291 1275 1428 1326 mecum
1462 1252 1578 1326 laetati
1613 1259 1705 1326 sunt.
1755 1253 1898 1326 Festum
1927 1253 2039 1342 diem,
2065 1277 2188 1351 quem,

672 1371 965 1471 applaudentibus
1006 1371 1203 1469 discipulis,
1219 1413 1222 1422 ·
1241 1370 1357 1444 animo
1393 1380 1565 1446 commoto
1599 1370 1770 1444 celebrere
1810 1371 1889 1444 Tibi
1931 1373 2098 1472 contigit,
2131 1373 2190 1446 Vir

669 1491 948 1568 honoratissime!
985 1492 1034 1565 ita
1067 1491 1146 1564 Tibi
1179 1491 1373 1589 gratulatus
1403 1515 1480 1564 sum
1512 1500 1548 1564 et
1582 1491 1648 1564 iarn
1688 1491 1812 1565 iterum
1848 1493 2021 1590 gratulor,
2055 1502 2096 1566 ut
2132 1515 2190 1591 per

673 1612 844 1708 reliquum
887 1612 976 1686 vitae
1007 1619 1146 1708 tempus
1182 1611 1299 1686 omnia
1332 1610 1391 1684 illa
1428 1610 1508 1684 'libi
1538 1611 1628 1684 bona
1657 1609 1824 1684 divinitus
1850 1619 2030 1708 exoptem,
2065 1611 2191 1709 quihus

669 1731 767 1805 labor
800 1731 898 1803 Tuus
934 1730 1113 1827 improbus
1147 1729 1403 1828 quodammodo
1437 1729 1650 1826 compensari
1686 1737 1721 1802 et
1752 1730 1903 1802 nominis
1935 1719 2002 1804 Tui
2029 1731 2190 1828 splendor

670 1850 783 1948 magis
820 1851 924 1924 etiam
958 1849 1121 1924 illustrari
1154 1849 1273 1948 possit.
1299 1891 1346 1906 -
1376 1850 1431 1926 Ex
1462 1848 1592 1924 ordinis
1619 1849 1789 1946 equestris
1818 1849 1950 1946 Belgici
1977 1849 2190 1949 insignibus,

671 1970 772 2058 '1¹ibi,
806 1969 1084 2045 coniunctissime
1116 1971 1239 2068 Rijke!
1275 1969 1432 2056 donatis,
1458 1970 1583 2044 iterum
1610 1969 1710 2044 nobis
1738 1970 1922 2066 apparuit,
1947 1971 2082 2044 eximiis
2107 1971 2190 2044 Tuis

672 2089 804 2164 meritis
837 2113 939 2162 suum
973 2098 1128 2162 constare
1161 2089 1335 2164 honorem.
1369 2131 1418 2165 ,-
1452 2089 1505 2162 Tu
1542 2112 1679 2186 quoque
1706 2087 1791 2160 mihi
1816 2090 2111 2186 congratulandus
2134 2115 2190 2178 es,

671 2209 858 2284 clarissime
894 2233 958 2282 ven
996 2208 1058 2306 der
1091 2209 1209 2304 Chijs!
1247 2208 1303 2281 cui
1336 2209 1440 2282 finem
1473 2215 1630 2304 optatum
1663 2207 1840 2305 imponere
1873 2209 2057 2306 contigerit
2088 2210 2193 2284 lubori

672 2327 844 2402 indefesso
879 2327 1000 2426 viginti
1034 2328 1167 2403 circiter
1197 2349 1386 2413 annorum,
1421 2326 1514 2400 'edito
1543 2325 1667 2424 Operis
1691 2327 1726 2400 N
1729 2327 1938 2401 umismatici
1964 2335 2058 2400 tomo
2085 2353 2191 2416 nono,

673 2446 829 2523 omnium
868 2457 1052 2544 postremo.
1102 2449 1184 2524 Quo
1222 2471 1323 2544 opere
1357 2447 1425 2520 iam
1459 2444 1617 2518 absoluto
1651 2470 1719 2518 non
1755 2445 1899 2534 dubito,
1933 2448 2016 2545 quin
2041 2448 2096 2522 Tu
2118 2449 2195 2522 'libi

673 2566 942 2665 perseverantiae
963 2575 999 2638 et
1021 2565 1223 2640 eruditionis
1249 2573 1515 2640 monumentum
1543 2565 1717 2662 exegeris,
1750 2565 1826 2664 ipso
1850 2591 1929 2640 aere
1953 2590 2193 2656 nummorum,

674 2711 762 2785 quos
790 2687 910 2760 sedulo
941 2687 1072 2784 colligis
1104 2695 1138 2760 et
1164 2711 1364 2772 conservas,
1391 2685 1587 2783 perennius.
1615 2731 1664 2746 -
1688 2685 1762 2760 Nee
1782 2685 1899 2760 minus
1929 2709 2203 2762 commemorare.

673 2807 785 2894 iuvet,
822 2807 933 2880 tribus
973 2807 1107 2880 scholae
1147 2805 1307 2889 Indicae,
1343 2829 1423 2876 cum
1458 2813 1574 2878 nostra
1608 2803 1796 2878 Academia
1827 2805 2194 2910 quodammodocon·

674 2926 831 3012 iunctae,
866 2925 1114 3022 professoribus
1145 2934 1306 3022 quartum
1335 2923 1399 2996 boc
1424 2948 1515 2996 auno
1538 2949 1612 2996 esse
1637 2923 1819 3011 additum,
1846 2925 1957 2998 virum
1984 2926 2193 3000 consultissi-

672 3069 771 3122 mum
797 3045 847 3118 M.
877 3043 931 3118 W.
961 3043 1174 3130 Scheltema,
1194 3055 1236 3151 'et
1261 3044 1452 3119 Russorum
1481 3043 1727 3140 Imperatorem
1752 3043 1788 3118 in
1813 3045 1969 3118 ordinem
1998 3047 2049 3122 st.
2073 3048 2194 3120 Annae

673 3171 867 3262 equestrem
900 3163 1068 3260 recepisse
1099 3163 1207 3240 virum
1233 3163 1472 3236 doctissimum
1499 3163 1664 3250 lenssen,
1691 3163 1940 3261 antiquitatum
1969 3175 2195 3264 perscrutato-

675 3307 748 3358 rem
774 3283 1046 3380 sagacissimum.

725 3521 834 3594 Venio
867 3521 911 3594 ed
943 3529 1146 3618 apparatum
1179 3519 1426 3593 Academicum
1452 3521 1716 3617 studiorumque
1742 3521 1953 3600 adiumenta.
2003 3525 2058 3598 De
2086 3525 2195 3598 Noso·

674 3641 785 3716 comio
806 3641 1018 3718 exstruendo,
1037 3649 1073 3717 et
1096 3647 1197 3714 aucto
1221 3641 1345 3714 Museo
1367 3641 1571 3727 Anatomico
1592 3642 1660 3716 iarn
1686 3640 1819 3717 dictum
1843 3651 1906 3718 est.
1946 3645 1999 3718 De
2023 3643 2197 3733 Historiee

674 3761 851 3838 Naturalis
887 3761 1013 3838 Museo
1048 3769 1098 3840 et,
1117 3759 1263 3857 Physica
1297 3768 1333 3832 et
1365 3760 1532 3856 Obymieo
1570 3786 1638 3838 nen
1673 3761 1802 3848 habeo,
1837 3763 1932 3859 quod
1966 3763 2077 3838 dicam
2107 3763 2197 3836 noui

676 3882 970 3956 Numismaticum
1007 3881 1073 3954 lroe
1102 3881 1206 3957 etiarn
1234 3903 1324 3952 anno
1346 3879 1528 3976 insigniter
1549 3881 1715 3967 crevisse,
1750 3881 1854 3978 vulgo
1886 3891 2008 3959 notum
2038 3890 2102 3956 est.
2153 3883 2198 3954 Et

676 4000 712 4073 in
744 4001 863 4072 eodem
900 3999 1011 4098 agello
1042 3997 1242 4072 suburbano
1273 4021 1352 4070 eum
1387 3999 1536 4072 Hortum
1563 4001 1777 4084 ‚Botanioum
1806 4000 1893 4076 laete
1915 4002 2059 4090 derare,
2084 4003 2133 4078 ita
2156 4008 2197 4076 ut

678 4121 891 4219 perhrstrans
928 4120 1086 4194 nitorem*
1111 4128 1304 4195 terrestrem
1343 4119 1542 4208 admireris,
1581 4131 1665 4200 tum⁴
1693 4121 1868 4219 speculem
1904 4121 2197 4209 Astronomicam,

677 4239 803 4315 melius
836 4238 1021 4325 dotatam,
1043 4246 1182 4312 auctore
1204 4237 1349 4312 Kaisero
1375 4248 1511 4325 nostro,
1545 4239 1682 4336 egregie
1707 4239 1865 4318 adhiberi
1889 4241 1933 4314 ad
1961 4242 2095 4316 coelum
2118 4265 2198 4314 con·

678 4358 996 4454 templaudumstt
1024 4357 1183 4440 mebstia
1217 4357 1482 4454 perscrutanda,
1517 4358 1596 4456 quis
1633 4368 1686 4430 est
1715 4359 1805 4437 inter
1838 4385 1934 4448 nos„
1957 4361 2019 4458 qui
2040 4359 2199 4434 nesciat?

679 4475 895 4551 Bibliotheca
926 4485 1041 4556 autem
1075 4485 1154 4573 post
1184 4485 1361 4552 renovatas
1388 4479 1490 4552 aedes
1515 4477 1665 4575 plurium
1691 4478 1727 4552 in
1757 4479 1832 4560 dics
1860 4481 1984 4560 studiis
2009 4479 2135 4566 servit,
2160 4485 2200 4552 ut

679 4597 801 4672 decora
832 4595 943 4692 spatie
971 4596 1195 4694 supellexque
1224 4597 1415 4695 elegantior.
1446 4621 1514 4675 non
1548 4605 1685 4672 tantum
1717 4597 1760 4672 ad
1792 4599 1941 4695 speciem
1969 4608 2201 4696 ornatumque

679 4715 839 4796 instituto
864 4737 940 4796 esse
964 4723 1162 4813 appareant.
1194 4757 1198 4762 .
1471 4733 1475 4740 ·
