4926 6180
719 611 825 732 26·
1303 669 1329 735 1.
1375 669 1656 737 trum

715 873 853 972 ignorat
870 873 1138 974 iutellipmtior,
1164 873 1259 948 Iuris
1274 875 1552 950 antecessoribus
1576 875 1612 950 lu
1637 875 1700 950 han
1719 875 1927 963 menda,
1952 881 2094 974 propter
2114 871 2242 971 ingen·

714 1003 787 1066 mm
817 994 986 1068 iuvenum
1019 993 1255 1072 studiomrunr
1281 1017 1464 1082 eoronam,
1496 1005 1550 1069 tot
1580 994 1741 1070 amandu
1774 1019 1849 1070 esee
1875 995 1990 1069 olisia
2015 993 2176 1094 publiea,
2197 997 2242 1066 a

714 1113 771 1185 rix
797 1121 858 1186 sut
883 1138 927 1186 us
952 1113 1010 1185 rix
1035 1112 1179 1209 quidem
1203 1112 1344 1209 privatis
1370 1113 1494 1188 studiis
1519 1115 1630 1188 utinm
1651 1115 1814 1213 supersit.
1866 1114 1950 1214 nge
1974 1111 2092 1188 nomer
2117 1110 2243 1210 quovis

712 1230 782 1304 feru
815 1253 909 1305 suno
938 1232 986 1306 de
1019 1232 1096 1304 iure
1131 1239 1203 1306 tam
1226 1234 1378 1307 umursli
1398 1243 1435 1307 et
1460 1233 1628 1310 criminali
1650 1259 1756 1333 qrrum
1780 1234 1943 1333 publiea,
1969 1243 2011 1308 ut
2031 1241 2069 1306 ot
2094 1231 2242 1306 deiero
2356 1253 2360 1262 ’

711 1351 890 1448 gendum,
926 1352 962 1425 in
993 1349 1123 1448 quibus
1145 1350 1254 1448 igitur
1277 1352 1566 1450 iurisprudentiae
1589 1341 1747 1451 pertibus
1770 1355 1860 1429 uitae
1884 1351 2150 1429 ubsrmomum
2178 1373 2240 1448 ραι

711 1471 821 1544 orissu
846 1470 1046 1544 censendus,
1064 1480 1136 1558 ast,
1162 1495 1230 1543 nou
1254 1471 1422 1568 negleetis
1445 1483 1560 1546 tumen
1581 1473 1714 1550 esteris
1764 1475 1962 1572 Discipulos
1977 1473 2239 1570 haesitemu-

709 1590 897 1686 plur'unos,
918 1589 1002 1664 ulios
1022 1589 1099 1662 aliis
1121 1590 1309 1688 quotannis
1330 1591 1569 1681 suuoedentes,
1594 1595 1655 1691 qui
1678 1595 1733 1668 lrie
1757 1594 1813 1668 ius
1833 1593 2003 1668 celerant:
2029 1593 2122 1666 iuter
2148 1613 2238 1688 quos

709 1719 744 1782 et
769 1711 904 1806 Regem
927 1716 1084 1784 nostrum
1104 1711 1396 1808 augustissimum
1419 1711 1545 1799 lmese,
1572 1737 1681 1810 quum
1707 1713 1764 1788 bio
1786 1723 1998 1800 mmor,
2024 1711 2238 1808 tuomque

707 1829 968 1917 Alexandrum,
1002 1854 1066 1903 nee
1088 1854 1157 1903 non
1181 1827 1377 1904 novissimis
1399 1832 1615 1930 temporibus
1637 1833 1834 1930 Principem
1861 1831 2122 1917 Areusiaoum,¹
2139 1827 2240 1927 regui

692 1935 890 2036 “herotem
926 1973 969 2022 eu
1006 1949 1118 2046 magis
1152 1949 1346 2024 notandum
1379 1958 1451 2037 est,
1488 1975 1558 2048 quo
1586 1961 1662 2026 erat
1688 1953 1804 2051 gentis
1830 1952 2048 2028 anseisus
2067 1949 2240 2024 ementior

705 2067 772 2141 ille.
824 2069 1006 2142 Praeterea
1040 2075 1247 2143 reetoretum
1284 2071 1413 2167 gessit,
1447 2093 1553 2168 quem
1592 2093 1703 2169 quum
1737 2081 1820 2145 ante
1854 2072 1917 2146 bos
1951 2069 2097 2170 triginta
2129 2091 2239 2142 sunus

703 2187 841 2282 publice
878 2183 1083 2284 deponeret,
1120 2191 1162 2262 de
1193 2191 1272 2262 iere
1301 2194 1452 2292 pretium
1486 2193 1669 2288 Europaeo
1696 2191 1807 2277 dixit,
1838 2199 2022 2289 temporam
2049 2196 2238 2261 nostrorum

702 2307 968 2380 wemereste
994 2309 1206 2382 vehementer
1231 2309 1452 2402 arefactae.
1504 2313 1608 2384 Auno
1632 2333 1714 2384 reru
1739 2310 1844 2383 buius
1869 2309 1997 2382 asculi
2021 2305 2237 2404 sexagesimo

702 2425 931 2500 redeuntibus
963 2427 1012 2504 sd
1045 2451 1126 2500 eum
1153 2436 1342 2502 retrorsus
1364 2429 1519 2518 visibus,
1544 2429 1589 2503 ab
1613 2439 1809 2528 proveetum
1837 2438 1985 2505 aetatem
2013 2428 2076 2501 lros
2104 2426 2238 2499 detreo·

702 2545 788 2618 tavit
818 2547 959 2620 iteratos
990 2547 1148 2621 honores.
1200 2549 1362 2646 Denique
1394 2549 1439 2623 ed
1468 2550 1617 2624 civitatis
1648 2551 1752 2624 etism
1778 2550 1958 2624 [sidensis
1980 2556 2021 2622 et
2039 2544 2236 2645 provindse

700 2663 909 2739 Hollaudise
940 2666 1173 2740 meridionalis
1200 2668 1382 2742 commoda
1404 2669 1560 2743 curanda
1583 2669 1762 2743 eommuni
1783 2669 1911 2742 civium
1938 2666 2105 2764 suffragio
2131 2687 2229 2737 νοω-

700 2791 759 2856 tus
775 2796 832 2857 est
854 2793 888 2856 et
909 2785 1056 2861 comitiis
1079 2785 1389 2873 reconditionis,
1413 2811 1526 2883 quum
1546 2787 1677 2885 duplioi
1696 2813 1841 2862 numero
1861 2787 2090 2872 haberentur,
2105 2783 2235 2858 adfluit.

698 2903 768 2974 Sed
791 2913 869 3000 post
893 2903 1030 2977 labores
1053 2905 1225 2976 iuveniles
1246 2905 1303 2976 ris
1328 2905 1522 3003 quidquam
1545 2905 1582 2978 iu
1604 2906 1719 2980 lucem
1741 2907 1861 2981 edidit.
1900 2906 2006 3004 lippis
2027 2925 2235 3002 supremum

698 3021 805 3094 luisse
842 3022 952 3094 fertur
985 3023 1234 3120 compendium
1271 3023 1447 3120 quoddam
1476 3023 1565 3097 iuris
1596 3025 1746 3123 publici,
1781 3025 1876 3124 quod
1907 3025 1943 3098 iu
1979 3023 2232 3121 discipulorum

698 3165 800 3213 usum
838 3148 1034 3238 paravere,
1066 3149 1101 3214 ot
1134 3165 1344 3240 magnopere
1378 3143 1540 3217 laudatur
1567 3145 1612 3218 ab
1640 3145 1705 3232 iis,
1736 3145 1800 3242 qui
1821 3144 2055 3244 inspexerint,
2090 3165 2156 3216 uuo
2183 3149 2235 3215 ta·

564 3298 566 3308 ·
697 3285 798 3346 man,
834 3260 930 3357 quud
966 3260 1147 3348 dommus,
1183 3262 1402 3361 divulgatum
1436 3279 1500 3338 est.
1552 3265 1640 3338 Erat·
1668 3266 1705 3337 in
1739 3288 1780 3338 eo
1814 3264 1988 3338 uberrime
2018 3261 2233 3335 multifariae

698 3379 873 3452 doetrinae
901 3379 1021 3476 copie,
1055 3403 1162 3476 quom
1194 3382 1305 3456 celare
1336 3407 1376 3456 eu
1408 3381 1478 3456 lere
1509 3383 1724 3458 dissimulare
1750 3384 1900 3457 malebat
1925 3405 2032 3480 quern
2060 3387 2237 3455 ostentare

697 3507 759 3570 eut
795 3499 934 3596 largiter
966 3523 1177 3596 expromere.
1231 3501 1349 3573 Inerat
1371 3501 1499 3574 sunum
1525 3501 1657 3599 ingenii
1677 3501 1868 3598 iudiciique
1891 3523 2062 3586 aeumeu,
2088 3498 2185 3596 quod
2209 3495 2236 3570 ii

697 3617 898 3713 pruesertim
932 3617 1066 3714 experti
1101 3627 1204 3705 sunt,
1240 3619 1301 3714 qni
1334 3618 1377 3692 de
1414 3643 1621 3716 quecunque
1654 3643 1689 3692 re
1722 3621 1853 3694 diffieili
1879 3627 1941 3694 aut
1963 3619 2127 3692 intricata
2151 3637 2236 3692 eum

697 3736 926 3808 consulerent.
978 3737 1097 3811 Inerat
1134 3737 1309 3834 elegentes
1342 3737 1448 3810 letina
1482 3739 1622 3813 dicendi
1657 3748 1694 3812 et
1726 3739 1903 3812 subtiliter
1936 3737 2144 3836 disputandi
2174 3745 2234 3823 et,

699 3855 760 3927 ubi
783 3856 924 3928 enimus
947 3854 1101 3942 lerebst,
1129 3856 1240 3929 verbis
1267 3855 1410 3929 ludendi
1437 3874 1473 3930 et
1494 3857 1630 3930 ineundi
1655 3857 1811 3932 leeultas.
1865 3859 1984 3930 Inerat
2007 3857 2122 3930 enimi
2152 3879 2238 3954 erga

700 3974 814 4046 Βειιιη
834 3961 953 4072 pietus
988 3993 1199 4072 morumque
1222 3975 1403 4073 integritus
1428 3985 1465 4048 et
1489 3999 1571 4072 arga
1592 3976 1736 4049 miseros
1759 3975 1968 4073 inopesque,
1995 3973 2128 4072 quibus
2155 3997 2235 4048 suo·

698 4103 869 4180 curreret,
895 4114 1024 4192 mogus
1045 4093 1244 4168 liberalitas.
1281 4093 1403 4166 Virum
1422 4094 1685 4191 gravissimum,
1703 4094 1936 4192 perpolitum,
1956 4093 2089 4191 patriae
2111 4115 2234 4167 ¹aman·

702 4222 792 4298 tem,
828 4215 1000 4311 suspioere
1028 4211 1224 4286 solebamus
1253 4213 1428 4310 collegae,
1454 4213 1703 4286 venerabantur
1724 4211 1884 4309 inprimis
1904 4213 2080 4286 interioris
2103 4212 2250 4295 admis-¹

703 4330 808 4402 donis
838 4331 948 4406 emisi
1001 4332 1261 4405 Gondeoorstus
1290 4331 1359 4404 fuit
1395 4357 1418 4404 a
1452 4332 1550 4428 Rege
1583 4340 1656 4404 tam
1691 4327 1820 4404 ordinis
1852 4331 1980 4406 Leonis
2009 4327 2234 4404 Neerlsudioi

701 4473 807 4544 quern
842 4471 992 4545 quernae
1024 4475 1169 4524 eorouue
1203 4451 1411 4548 insignibus.
1463 4449 1565 4523 Vitse
1586 4451 1662 4522 eins
1688 4449 1838 4547 privatae
1864 4472 1956 4523 enno
1984 4453 2077 4523 1841
2105 4451 2233 4548 ingen·

704 4579 773 4640 tem
810 4569 942 4640 cladem
976 4569 1095 4641 attulit
1125 4569 1367 4642 dilectissimae
1392 4568 1549 4664 coniugis
1576 4570 1762 4643 immatura
1791 4592 1893 4642 snum.
1944 4571 2138 4666 Postquam
2162 4567 2233 4642 euti

705 4711 844 4784 compos
880 4687 1099 4760 emeritstum
1133 4693 1259 4759 nectua
1282 4693 1353 4771 est,
1379 4683 1492 4756 indies
1516 4684 1630 4780 magis
1651 4695 1885 4760 eenesoeutem
1910 4706 1992 4758 euru
2018 4686 2174 4759 edimus
2198 4691 2233 4758 et

707 4806 849 4880 taudem
879 4807 1003 4880 misere
1039 4806 1241 4904 oollupeurn.
1293 4805 1396 4878 Diam
1425 4802 1511 4876 obiit
1534 4803 1571 4876 d.
1598 4805 1643 4876 tl
1665 4803 1827 4877 Outobris
1850 4805 1933 4880 enni
1961 4805 2171 4901 superioris,
2197 4810 2233 4889 et
