4926 6180
723 651 766 716 48
1232 649 1449 717 IUDICiA
1485 650 1749 720 ORDINUM.

771 859 923 934 Alteram
961 855 1198 956 quaestionem
1238 858 1335 932 Ordo
1373 857 1569 957 proposuit:
1612 863 1804 933 sAccnrata
1842 869 1878 936 et
1914 863 2064 936 anaides
2100 865 2243 936 nemon

722 980 876 1054 absoluta
900 979 1062 1076 copositio
1083 979 1177 1050 illius
1199 1004 1298 1078 quam
1321 977 1473 1075 Grynio
1498 979 1665 1076 typorum
1689 988 1810 1054 uocant
1835 982 2023 1056 theoriae.'’
2073 981 2132 1054 Ad
2159 979 2242 1054 hune

723 1099 960 1199 quaestionem
993 1097 1171 1195 responsio
1201 1123 1269 1172 une
1297 1099 1461 1196 inscripto
1485 1107 1558 1172 eret
1587 1097 1640 1172 his
1669 1097 1838 1198 Propertii
1861 1099 2034 1174 versibus:
2069 1103 2243 1180 rQuodsi

722 1219 881 1314 deficiant
902 1219 1011 1303 uires,
1040 1219 1187 1292 andacia
1211 1226 1301 1294 certe
1323 1219 1417 1292 hans
1438 1220 1523 1306 erit,
1549 1220 1586 1290 in
1612 1221 1742 1316 mupnis
1763 1227 1798 1292 et
1817 1221 1960 1301 uoluisse
1981 1227 2039 1294 eat
2061 1221 2149 1294 eet.”

771 1336 918 1410 Censuit
951 1335 1048 1408 Ordo
1085 1336 1174 1412 hanc
1207 1336 1477 1435 disputationem
1510 1361 1546 1410 se
1573 1336 1788 1434 diligentiae,
1814 1338 2038 1427 eruditionis,
2063 1349 2100 1411 et
2128 1337 2243 1412 iudicii

723 1453 865 1529 dotibus
887 1454 1150 1542 commendare,
1183 1464 1219 1529 et
1241 1465 1415 1530 auctorem
1449 1455 1640 1531 universam
1663 1457 1899 1554 quaestionem
1926 1458 2151 1556 singulosque
2172 1459 2242 1530 eius

722 1583 854 1673 partes,
888 1575 1043 1672 adeoque
1068 1575 1236 1672 Ohymiee
1263 1576 1460 1650 recentioris
1486 1574 1651 1650 theoriam
1675 1576 1855 1674 perspicue
1878 1577 2093 1675 explicuisse.
2134 1578 2242 1675 Typo

722 1718 800 1768 rum
834 1692 1068 1790 chymicorum
1106 1693 1255 1767 theoriae
1290 1706 1403 1769 ortum
1439 1705 1473 1768 et
1506 1719 1725 1794 progressus,
1760 1720 1940 1794 corporum
1977 1697 2243 1794 compositorum

722 1811 848 1886 olusses
872 1812 1063 1886 secundum
1083 1837 1166 1887 -eem
1194 1813 1360 1888 theoriam
1386 1825 1491 1913 etque
1515 1814 1784 1902 elementorum,
1819 1841 1881 1890 seu
1905 1841 2085 1914 corporum
2114 1816 2241 1914 simpli·

722 1931 835 2018 oium,
869 1939 1028 2005 naturum
1066 1942 1101 2004 et
1136 1931 1393 2031 compositionis
1426 1955 1514 2029 quse
1551 1941 1689 2004 vocetur
1728 1932 1817 2020 vim,
1851 1935 1989 2033 egregie
2022 1935 2183 2033 exposuit
2210 1945 2242 2006 et

705 2049 890 2148 ‘exemplis
913 2050 1096 2124 illustravit
1121 2061 1259 2136 auctor;
1280 2049 1435 2148 denique
1457 2049 1561 2123 huius
1592 2049 1742 2124 theoriae
1757 2053 1927 2148 praetium
1949 2064 1984 2128 et
2006 2054 2242 2129 auctoritatem

723 2169 886 2246 ostendit.
1734 2185 1736 2188 ’

772 2291 897 2386 Itaque
934 2311 1001 2362 nou
1032 2288 1205 2361 dubitavit
1239 2289 1335 2362 Ordo
1365 2289 1444 2362 huic
1470 2288 1697 2386 disputationi
1718 2291 1863 2387 proemii
1892 2291 2055 2366 honorem
2084 2293 2239 2368 tribuere.

723 2408 854 2506 Aperte
876 2407 1060 2495 schedula,
1095 2407 1236 2495 eodem,
1271 2433 1341 2506 quo
1363 2408 1624 2496 commentatio,
1651 2408 1808 2506 symbolo
1834 2411 1988 2499 munite,
2013 2412 2107 2486 illius
2130 2425 2241 2488 auctor

723 2537 879 2624 repertus
904 2537 957 2602 est

1076 2642 1314 2702 commestus
1332 2641 1503 2701 orroeos
1521 2643 1715 2702 Iourssus
1732 2643 1892 2715 scucos,

1094 2737 1177 2796 nar.
1195 2744 1220 2794 n
1237 2737 1309 2794 Pro.
1328 2739 1392 2794 nn.
1411 2741 1439 2794 n
1457 2737 1537 2794 raa.
1556 2739 1636 2811 ruffa.
1655 2739 1716 2795 aar.
1733 2738 1882 2806 stanna,

723 2829 785 2927 qui
810 2795 1125 2928 praestantissimus
1149 2831 1284 2905 iuvenis
1309 2831 1434 2904 Ordini
1459 2831 1599 2905 abunde
1622 2833 1800 2931 probavit,
1827 2857 1863 2906 se
1885 2831 1978 2906 illius
2002 2833 2243 2934 disputationis

724 2973 799 3024 esse
823 2957 1011 3026 auctorem.

1354 3195 1616 3208 *-

837 3501 1072 3574 IUDICIUM
1097 3499 1300 3574 ORDINlS
1327 3501 1692 3576 PHILOSOPHIAE
1718 3501 2065 3610 ufluoltsulonu
2091 3527 2137 3578 ur
2278 3589 2282 3594 p
2318 3503 2325 3513 “

1130 3618 1449 3696 LITTERARUM
1475 3621 1833 3696 HUMANIORUM.

798 3859 857 3934 Ad
881 3859 1117 3958 quaestionem
1144 3859 1314 3958 priorum:

824 3981 989 4054 Fontibus
1020 3986 1122 4053 antea
1157 3982 1318 4076 sepositis
1351 3989 1454 4080 atque
1490 3982 1695 4054 conminatie
1720 3981 1842 4076 populi
1873 3981 2001 4054 Iudaei
2030 3979 2190 4052 Historia
2210 3985 2244 4052 et

878 4099 1175 4172 Odasmonaeorurn
1213 4121 1269 4171 res
1299 4107 1419 4196 pertas
1455 4100 1534 4172 inde
1570 4099 1613 4171 ab
1654 4089 2030 4193 Antiocdc'dpepbane
2065 4121 2168 4196 nsque
2199 4097 2245 4169 ad

874 4218 1030 4316 Pompeii
1056 4223 1093 4290 in
1119 4218 1284 4290 Iudaeam
1304 4219 1479 4290 adventurn
1504 4223 1662 4291 accurate
1684 4223 1719 4288 et
1743 4217 1916 4313 elepantos
1937 4224 2147 4290 enarrentur.

826 4339 882 4412 De
904 4341 1034 4425 dubiis,
1060 4363 1198 4437 qnorum
1219 4339 1411 4435 disquisitio
1432 4339 1581 4410 ordinem
1602 4338 1811 4408 narrationis
1837 4337 1975 4411 turbare
1993 4339 2124 4433 possit,
2148 4361 2241 4432 repa·

872 4459 973 4529 ratim
1003 4459 1039 4530 in
1064 4457 1338 4530 adnotationibus
1362 4459 1571 4559 disputetur.-

728 4598 838 4650 uuum
863 4572 960 4646 Ordo
984 4597 1187 4672 responsum
1212 4575 1344 4672 aceepit
1368 4575 1594 4673 inscriptum:
1621 4578 1697 4674 quir
1720 4577 1811 4648 inter
1834 4577 1913 4648 deos
1937 4581 2002 4648 eto.

776 4695 819 4768 In
860 4693 924 4766 hoc
957 4715 1120 4790 responso
1158 4691 1288 4778 fontes,
1325 4717 1344 4765 e
1380 4691 1508 4790 quibus
1541 4691 1749 4767 Iudaeorum
1785 4693 1927 4768 historie
1954 4691 2083 4768 heuriri
2110 4703 2242 4792 potest,

730 4812 831 4910 pauci
855 4809 1023 4884 nominati
1047 4820 1148 4898 sunt,
1174 4813 1360 4886 examinati
1385 4812 1481 4886 nulli.
