4926 6180
657 641 677 706 8
1244 649 1596 716 l.l.PlllNS

658 853 698 920 ut
723 847 758 921 in
782 848 856 947 ipsa
881 847 945 922 hac
979 849 1186 926 Academiae
1214 854 1290 928 luce
1313 855 1349 928 in
1373 863 1550 954 posterum
1586 881 1724 956 quoque
1760 859 1869 934 futuri
1893 861 2118 936 instituantur
2142 889 2182 938 ao

657 966 848 1040 formentur
871 992 1042 1041 sacrorum
1067 971 1249 1047 antistites.
1300 973 1375 1046 Nec
1403 980 1518 1046 tamen
1553 999 1627 1047 esse
1651 975 1860 1065 etiamnum,
1896 980 1957 1078 qui
1989 981 2086 1054 aliter
2114 991 2182 1056 sta·

653 1078 776 1173 bunut,
814 1086 973 1184 equidem
1013 1087 1144 1186 ignoro.
1196 1091 1449 1165 Dimittendam
1486 1117 1560 1164 esse
1598 1093 1819 1194 Theologiem
1860 1097 2038 1176 clamitant
2071 1109 2107 1172 et
2140 1124 2183 1174 er

655 1205 834 1278 auditoriis
859 1206 984 1278 nostris
1010 1209 1216 1305 quantocius
1253 1210 1447 1308 pellendam
1485 1210 1621 1310 sibique
1656 1214 1764 1287 solam
1793 1215 2075 1314 relinquendam,
2113 1218 2183 1292 imo

655 1323 690 1396 in
719 1323 901 1398 seminaris
924 1325 1144 1422 relegandam
1178 1329 1409 1426 ecclesiaeque
1437 1331 1632 1404 auctoritati
1657 1331 1922 1424 subiiciendam;
1958 1337 2007 1410 sic
2040 1337 2182 1412 demum

653 1442 903 1538 rempublicam
930 1443 1021 1517 inter
1048 1455 1083 1518 et
1109 1448 1284 1522 ecclesiam
1319 1449 1383 1522 rite
1415 1448 1603 1548 distingui,
1642 1451 1784 1526 alteram
1818 1454 1863 1528 ab
1899 1455 2005 1529 alters
2043 1457 2182 1530 tendem

655 1561 804 1659 separari
828 1562 1008 1660 ipsiusque
1033 1566 1193 1640 eeclesiae
1218 1557 1321 1641 saluti
1346 1567 1434 1640 bene
1460 1569 1603 1642 consuli.
1656 1571 1816 1649 Quorum
1840 1599 1905 1674 ego
1938 1573 2078 1648 vocibus
2105 1599 2183 1672 per·

654 1691 786 1768 motus,
811 1682 880 1753 ism
905 1681 969 1755 hoe
995 1683 1080 1756 mibi
1105 1687 1280 1783 agendum
1305 1711 1380 1760 esse
1409 1685 1574 1774 arbitror,
1610 1697 1665 1776 ut,
1699 1692 1840 1779 ceteris,
1867 1717 1955 1790 quae
1982 1693 2028 1766 ad
2054 1693 2181 1792 gravis·

655 1800 778 1910 simam
804 1800 891 1874 hanc
914 1803 1151 1914 quaestionem
1177 1806 1388 1905 pertineant,
1414 1807 1547 1894 missis,
1573 1833 1687 1882 coram
1713 1808 1822 1884 Vobis
1852 1811 1889 1884 id
1921 1836 2031 1884 unum
2064 1812 2183 1910 paucis

655 1918 908 2008 demonstrem,
941 1925 978 1993 ia
1011 1935 1051 1996 re
1083 1926 1270 1997 ababtibus
1307 1925 1449 1998 scholam
1487 1931 1522 1999 et
1546 1927 1718 1999 ecclesiam
1756 1933 1850 2002 arcte
1890 1949 1962 2002 ecee
1991 1931 2185 2002 conuertas

654 2052 884 2138 necunquam
910 2038 1160 2140 distanpmddt.

696 2157 781 2230 ¹Hoc
811 2167 928 2231 autern
953 2169 1200 2257 argumentum
1232 2171 1439 2250 tractaturo,
1465 2161 1536 2235 Vos
1565 2162 1674 2249 milri,
1709 2161 1895 2238 Auditores
1923 2165 2180 2242 humanissimi!

653 2277 796 2349 tbtlbus
820 2277 1021 2376 linguisque
1047 2279 1179 2354 favete!

1274 2516 1563 2538 §.b-u-—n—d—b—

700 2749 743 2823 ln
771 2759 867 2825 tento
892 2748 1117 2826 Eruditorum
1142 2771 1307 2828 consessu
1329 2754 1390 2828 ‘rix
1425 2762 1499 2842 est,
1519 2745 1631 2852 ¹quod
1665 2755 1793 2828 diserte
1820 2771 1997 2846 moneam,
2034 2779 2089 2832 me
2114 2759 2183 2833 iarn

651 2891 719 2980 non
744 2887 845 2970 egene
861 2873 911 2946 de
934 2873 1155 2971 quaestione,
1182 2873 1275 2946 hisce
1298 2873 1426 2945 diebus
1455 2873 1516 2947 diu
1550 2874 1770 2972 moltumque
1803 2876 1949 2975 agitatu,
1983 2887 2183 2980 oporteatne

651 2990 820 3063 inferioris
843 2991 974 3063 ordinis
1001 2990 1177 3078 scholam,
1199 2993 1238 3066 *ln
1263 3013 1333 3090 qne
1357 2993 1500 3089 pueris
1532 2993 1782 3092 ludimagistris
1818 2994 2064 3083 instituuntur,
2101 3013 2181 3069 cum

653 3109 794 3182 ecclesie
818 3111 1073 3206 quodammodo
1096 3111 1275 3186 cohaerere
1298 3123 1360 3186 aut
1385 3132 1428 3185 ex
1454 3127 1494 3186 ee
1522 3112 1687 3210 pendere.
1737 3106 1900 3188 Scholnm
1937 3114 2098 3212 equidem
2130 3115 2182 3187 in·

652 3229 770 3328 telllgn
797 3231 1027 3328 superiorem,
1066 3217 1308 3303 Academicum
1350 3231 1453 3329 vulgo
1487 3231 1633 3318 dictam,
1671 3255 1710 3304 ae
1745 3232 1944 3330 praesertim
1980 3233 2097 3306 studia
2125 3230 2183 3307 illa

653 3349 739 3422 mihi
773 3349 850 3421 tolo
885 3348 1095 3446 theologica,
1135 3349 1264 3446 quibus
1291 3350 1412 3423 *omnis
1440 3351 1489 3452 ‘de
1527 3348 1602 3424 Deo
1628 3350 1809 3447 rebusque
1847 3351 1972 3425 divinis
2007 3352 2181 3440 doctrina,

652 3469 820 3559 letissimo
843 3482 947 3542 sensn
974 3479 1107 3556 sumta,
1128 3471 1199 3542 rite
1220 3469 1390 3542 exeolitur
1418 3471 1540 3543 eodem
1566 3469 1635 3543 lere
1662 3469 1782 3557 modo,
1816 3491 1886 3568 qno
1914 3471 2183 3568 inrispmdentla

653 3597 687 3661 et
719 3587 892 3662 medicine
918 3600 957 3661 et
993 3589 1143 3683 reliquie
1177 3607 1300 3661 omnes
1334 3587 1391 3661 hie
1423 3588 1608 3660 traduntur
1644 3587 1845 3686 disciplinae
1881 3588 2027 3663 altiores.
2081 3589 2183 3662 Hanc

652 3711 769 3780 eutdttr
797 3707 1051 3781 institutionem
1084 3706 1328 3782 Academicum
1363 3726 1444 3781 eum
1471 3708 1613 3782 ecclesie
1647 3717 1738 3781 arcte
1763 3733 1838 3781 esse
1870 3709 2109 3794 coniunctam,
2137 3707 2182 3779 'id

651 3827 759 3924 igitur
785 3827 870 3900 mibi
893 3827 1205 3900 demonstrandum
1234 3827 1353 3900 sumsi.
1404 3825 1529 3901 Statim
1566 3839 1644 3900 vero
1679 3827 1798 3899 audire
1831 3827 1919 3898 mihi
1949 3827 2081 3913 videor,
2121 3825 2183 3924 qui

652 3947 835 4032 obiiciant,
860 3945 944 4019 lanea
968 3947 1045 4018 dno
1080 3953 1153 4018 toto
1184 3946 1280 4018 coelo
1302 3945 1461 4034 differre,
1498 3959 1610 4044 neque
1640 3939 1746 4019 ullam
1782 3953 1856 4018 'esse
1890 3965 1992 4042 posse
2020 3945 2110 4017 inter
2140 3964 2182 4017 ea

654 4067 833 4139 dmtlor‘em
860 4065 1161 4138 uecessitudinem.
1213 4065 1336 4137 Ruunt
1362 4095 1409 4142 ει,-
1431 4065 1480 4137 ita
1504 4064 1554 4137 illi
1578 4091 1628 4124 ³-
1648 4065 1684 4136 in
1710 4064 1878 4137 contraria
1909 4064 2040 4136 omnis:
2075 4063 2183 4136 libera

655 4195 707 4256 est
733 4184 866 4271 schole,
903 4184 1044 4258 ecclesie
1075 4204 1156 4256 raro
1192 4183 1264 4256 suis
1289 4183 1428 4280 alligata
1454 4181 1630 4268 formulis,
1670 4180 1776 4253 semel
1798 4181 2010 4268 constitutis3
2047 4180 2183 4277 quaerit

656 4304 770 4376 seton
804 4305 1002 4391 veritatem,
1033 4304 1087 4376 de
1122 4319 1162 4375 eo
1189 4309 1268 4374 ueto
1289 4309 1489 4398 repertast
1522 4309 1618 4372 extra
1652 4320 1789 4372 omnem
1817 4299 2043 4370 dubitationis
2070 4297 2181 4371 aleam

656 4423 768 4524 posita
803 4422 969 4520 gloriatur
1004 4417 1162 4508 ecel'esla;
1202 4419 1376 4493 terrestria
1412 4418 1529 4491 sobole
1562 4417 1649 4515 petit
1685 4433 1724 4490 ae
1757 4416 1964 4514 reipublicae
2001 4415 2183 4490 commoda

655 4541 768 4628 diret,
795 4541 1158 4614 contemneretque
1185 4547 1335 4612 sectatur
1360 4537 1520 4611 coelestia
1541 4546 1597 4623 et,
1614 4533 1746 4634 spretis
1776 4535 1880 4607 rebus
1906 4535 2110 4622 mundonis,
2130 4535 2181 4608 'ed

657 4663 762 4734 sitnm
779 4667 969 4759 praeparet
993 4667 1241 4758 postmortem
1267 4657 1434 4729 futuram.
1484 4655 1615 4740 Audio,
1642 4677 1705 4727 nee
1727 4653 1918 4749 perturber.
1967 4654 2065 4727 'Palis
2088 4654 2180 4726 enim

658 4782 686 4854 si
708 4781 757 4854 de
779 4779 920 4854 molesia
939 4799 1027 4866 sua,
1051 4772 1393 4850 Romano-catholica
1413 4773 1560 4860 scilieet,
1576 4773 1706 4871 B'elgne
1728 4771 1831 4844 ‘ricini
1845 4771 1958 4869 peltam
1980 4792 2020 4846 ae
2043 4769 2183 4870 publiea
