4926 6180
1206 1041 1735 1122 ANNOTATIO.

1388 1435 1572 1447 ——--

702 1731 739 1802 P.
786 1724 817 1800 8.
852 1737 1027 1801 decessorem
1055 1757 1149 1800 meam
1176 1771 1219 1786 -·
1248 1735 1367 1802 dicisse.
1399 1735 1471 1802 Vid.
1506 1735 1609 1802 Oratio
1632 1737 1669 1802 de
1690 1737 1745 1816 iis,
1771 1756 1848 1822 picae
1872 1731 2049 1799 Academiae
2070 1729 2226 1812 Μάνιο-

849 1839 989 1905 Baianae
1018 1859 1096 1902 anso
1127 1841 1343 1904 1865-1866
1373 1837 1477 1904 tristia
1504 1845 1535 1904 ei
1565 1840 1648 1904 laeda
1677 1841 1864 1920 acciderunt,
1894 1859 1983 1924 quase
2009 1835 2115 1900 sabaia
2143 1833 2226 1898 Rese-

851 1941 952 2106 ἔξει
970 1961 1032 2106 ppei
1062 1941 1198 2006 Bacca-al
1222 1942 1338 2022 Facere,
1369 1943 1419 2007 die
1441 1945 1461 2007 8
1485 1943 1572 2010 Febr.
1598 1945 1693 2008 1866.
1716 1941 1754 2008 L.
1778 1941 1815 2008 B.
1838 1939 1919 2027 apud
1941 1939 2008 2004 Jsc.
2032 1935 2226 2020 Hazenberg,

713 2183 731 2224 u
785 2147 817 2208 4.
852 2151 888 2208 ssi
913 2144 945 2206 ic
967 2144 1034 2228 ipsa
1057 2146 1113 2210 dae
1135 2147 1312 2210 Academiae
1334 2148 1400 2212 lace
1422 2155 1480 2214 cet.
1525 2147 1614 2214 Gonf.
1640 2147 1744 2212 Oratio
1774 2167 1842 2210 mca
1869 2140 2057 2230 inauguralis
2080 2141 2116 2204 de
2135 2137 2226 2202 Iusti

848 2246 963 2310 tutione
993 2245 1187 2326 Academica,
1223 2251 1265 2312 ad
1289 2253 1438 2336 futurum
1467 2273 1617 2318 sacrorum
1647 2252 1812 2316 antistitem
1835 2248 2035 2336 formandam
2064 2242 2225 2327 aptissima.

847 2347 884 2414 L.
909 2349 945 2412 B.
969 2349 1050 2434 apud
1076 2349 1113 2413 P.
1137 2349 1260 2435 Engels.
1287 2355 1382 2418 1656.

711 2491 728 2530 ,
784 2451 815 2516 7.
850 2452 883 2514 iis
908 2453 1042 2516 oratione
1064 2455 1207 2518 rectorali
1229 2455 1343 2536 ealleya
1365 2476 1446 2519 meus
1469 2493 1512 2506 -
1536 2455 1731 2520 iiaieciinas.
1754 2453 1826 2520 Yid.
1857 2452 1962 2518 Jacohi
1990 2447 2093 2514 Isac'a'ci
2116 2445 2227 2512 Daedee

851 2553 954 2618 Oratio
977 2557 1014 2618 de
1042 2557 1181 2620 libertate
1210 2578 1275 2620 cum
1300 2555 1483 2638 Tiealaaiac,
1513 2563 1576 2621 iam
1602 2558 1692 2622 etiam
1719 2557 1871 2622 Ecclesiae
1900 2552 2083 2620 christianae
2109 2555 2226 2612 sirenae

843 2655 1041 2737 vindicanda,
1065 2659 1169 2722 hadita
1190 2659 1221 2724 d.
1247 2663 1285 2723 21
1312 2681 1350 2725 ss.
1374 2661 1475 2725 Mari.
1499 2684 1528 2726 a.
1556 2663 1651 2726 1865.
1696 2660 1776 2726 hi.
1800 2659 1840 2725 ad
1866 2659 1965 2726 Rhea.
1988 2654 2072 2742 apud
2094 2650 2226 2720 Kemink

843 2765 874 2822 ei
897 2759 939 2824 fil.

706 2898 724 2938 ,
759 2861 811 2924 10.
847 2862 931 2942 apud
950 2862 1107 2942 Ioannem,
1136 2862 1195 2926 Eu.
1219 2860 1255 2928 O.
1279 2861 1370 2928 xlv.
1394 2865 1425 2927 6.

708 3001 725 3041 ,
775 3001 792 3040 ,
846 2963 985 3044 spiritam
1001 2965 1143 3045 promisit
1165 2964 1315 3042 divinum,
1339 2961 1398 3027 Eu.
1422 2961 1470 3028 Io.
1494 2961 1530 3028 O.
1554 2961 1645 3030 xlv,
1669 2967 1725 3044 16,
1751 2966 1803 3044 17,
1826 2963 1916 3030 XVI.
1941 2964 1993 3027 18.

706 3103 724 3143 ,
774 3103 791 3144 ,
849 3065 895 3127 ita
918 3065 988 3143 ille,
1012 3063 1046 3127 in
1069 3063 1087 3128 Ι
1109 3065 1167 3150 Ep.
1191 3064 1230 3128 sd
1253 3065 1323 3129 Cor.
1347 3063 1382 3130 0.
1406 3065 1447 3130 X.
1474 3067 1514 3129 15
1538 3073 1569 3130 et
1591 3065 1609 3130 I
1630 3067 1669 3132 ad
1690 3067 1797 3133 Thess.
1821 3068 1861 3133 V.
1886 3059 1940 3132 21.

704 3207 722 3246 ,
772 3206 789 3244 ,
846 3163 1029 3244 κενοφωνιίι.
1078 3165 1126 3231 of.
1151 3167 1168 3230 Ι
1191 3167 1249 3254 Ep.
1274 3166 1314 3232 sd
1336 3167 1415 3232 Tim.
1439 3165 1497 3231 VI.
1523 3170 1576 3232 20.

706 3307 723 3347 ,
773 3307 790 3348 5
846 3269 903 3333 sibi
925 3269 1030 3332 dadum
1052 3288 1114 3330 csse
1136 3273 1285 3350 pandebat
1309 3277 1384 3350 cet„
1407 3269 1440 3334 in
1462 3269 1480 3334 I
1502 3269 1559 3355 Ep.
1583 3269 1622 3334 sd
1646 3269 1716 3336 Gor.
1739 3269 1786 3336 II.
1811 3273 1864 3336 12.

705 3409 723 3451 ,
774 3411 791 3452 p
845 3374 942 3436 cadem
970 3373 1023 3435 hoc
1052 3371 1228 3438 collustrari
1258 3374 1355 3438 valuit
1385 3409 1429 3424 —
1459 3374 1568 3456 spirita
1591 3378 1665 3454 aei„
1695 3374 1728 3438 in
1758 3373 1815 3459 Ep.
1846 3371 1885 3436 ad
1915 3370 1994 3456 Eph.
2021 3369 2050 3434 Ι.
2076 3363 2225 3439 17-10,

844 3472 908 3538 ΙΙΙ.
939 3476 995 3552 18,
1021 3475 1073 3538 19.

706 3613 723 3654 ,
759 3576 811 3640 12.
847 3583 883 3640 ssi
901 3575 998 3638 studii
1019 3576 1174 3657 ideolcpiai
1195 3613 1239 3626 —
1261 3599 1374 3641 samma
1396 3578 1554 3642 haberetur
1572 3579 1661 3643 satia.
1706 3577 1795 3642 Conf.
1819 3578 1862 3642 N.
1883 3578 1915 3641 0.
1935 3576 2020 3654 Kiss,
2043 3571 2077 3636 in
2100 3567 2234 3651 Arciies

843 3700 912 3742 acar
933 3680 970 3742 dc
992 3678 1164 3762 Kcekclejke
1189 3679 1409 3756 cccccccccc,
1431 3677 1467 3742 Τ.
1491 3678 1551 3743 ΙΧ.
1574 3702 1604 3764 p.
1630 3681 1818 3746 521-528.

707 3817 724 3858 ,
758 3781 810 3844 15.
844 3781 889 3842 iia
912 3780 1060 3844 serissime
1086 3780 1199 3858 Cicero,
1225 3781 1271 3845 De
1293 3780 1369 3845 Nat.
1395 3779 1486 3844 Deos.
1509 3779 1554 3845 11.
1578 3779 1613 3846 0.
1638 3785 1669 3846 2.

707 3919 725 3958 ,
760 3881 811 3944 16.
841 3879 886 3944 “Ο
911 3877 961 3945 οὖν
985 3919 1029 3932 -
1051 3881 1219 3965 χωριζέτω.
1245 3879 1317 3944 vid.
1341 3881 1453 3946 Matth.
1478 3881 1535 3946 Ειι.
1559 3880 1594 3948 O.
1618 3881 1711 3947 xlx.
1736 3884 1766 3946 6.

708 4021 725 4060 9
763 3983 811 4046 18.
840 3986 1019 4064 parentibus
1041 3993 1125 4048 arias
1146 3983 1285 4048 doceatis
1329 3981 1433 4047 Nasus
1456 3991 1521 4048 ersi
1543 3983 1722 4048 Schmntius
1746 3983 1776 4048 d.
1800 3987 1843 4048 24
1871 4005 1914 4048 ιιι.
1937 3977 2046 4046 Martii
2074 3976 2226 4042 c.1782.

708 4125 724 4164 ,
758 4089 811 4151 22.
846 4089 941 4151 cciiii
961 4109 978 4150 e
996 4093 1085 4168 cents
1106 4093 1200 4152 ariae.
1244 4083 1347 4148 Natus
1370 4089 1434 4148 arat
1456 4083 1540 4148 Cock
1562 4083 1592 4149 d.
1615 4087 1653 4149 16
1678 4105 1720 4148 ιιι.
1744 4085 1828 4150 Iunii
1851 4107 1879 4152 a.
1904 4085 2003 4149 1⁷94.

707 4227 724 4266 ,
759 4191 811 4253 25.
850 4190 962 4254 Gidcasa
984 4187 1081 4253 Iasus
1108 4189 1250 4266 Verdam,
1274 4193 1367 4250 natus
1389 4185 1419 4251 d.
1444 4189 1463 4250 2
1487 4209 1530 4252 ιιι.
1553 4185 1631 4251 Dec.
1655 4210 1683 4252 a.
1710 4188 1806 4251 1802.

706 4328 724 4370 ,
757 4291 809 4356 27.
845 4297 973 4356 testatus
995 4299 1105 4356 est-
1128 4290 1289 4368 Reiectus,
1312 4287 1347 4352 in
1369 4285 1515 4352 Oratione
1537 4288 1693 4368 rectorcli,
1716 4285 1820 4352 habita
1850 4285 1880 4350 6.
1910 4287 1929 4349 8
1957 4282 2048 4350 Febr.
2072 4304 2101 4348 ι.
2127 4281 2226 4346 1856.

843 4391 931 4459 conf.
954 4393 1070 4460 Ansal.
1093 4392 1189 4457 Aeaci.
1217 4389 1446 4455 1857-1858.
1468 4387 1505 4454 L.
1529 4387 1567 4454 B.
1590 4411 1623 4474 p.
1648 4391 1700 4455 17.
1739 4377 1772 4390 “’
1803 4377 1806 4384 ’
1839 4377 1842 4384 ’
1873 4379 1885 4446 ’.
