4926 6180
645 602 688 669 10
1002 665 1009 678 .
1248 613 1601 680 Laturus

643 810 770 885 arebat
794 809 830 885 bt
855 812 1104 910 perfectionem
1130 818 1296 892 moratam
1322 819 1358 893 et
1384 843 1463 894 raro
1481 819 1588 893 etianr
1608 818 1869 894 beatitudinem.
1908 815 2028 892 Verbo
2053 813 2193 904 ditem,

644 929 827 1004 rasuram
853 933 990 1030 quaerit
1015 936 1130 1010 omnis
1166 937 1304 1026 robola,
1338 948 1374 1014 et
1402 963 1571 1012 summurn
1598 938 1739 1036 quidem
1763 938 1940 1012 veritatem
1976 931 2194 1008 ethico-reli-

642 1047 779 1146 giosam
803 1049 1016 1150 theologica}
1047 1056 1192 1131 ecclesia
1213 1083 1312 1146 vero,
1339 1083 1401 1156 pro
1427 1057 1578 1131 instituti
1603 1057 1753 1146 ratione,
1778 1057 1818 1130 id
1842 1058 1922 1156 agit
1945 1053 2198 1154 probissimum,

646 1176 686 1240 ut
712 1169 867 1266 optimae
893 1173 1075 1270 religionis
1101 1175 1135 1248 vi
1162 1177 1269 1250 vitam
1293 1177 1473 1253 bominum
1500 1175 1620 1250 reddat
1644 1201 1721 1250 vere
1749 1177 1886 1251 sitalem
1910 1185 1947 1249 et
1971 1174 2123 1247 salntem
2148 1170 2200 1242 iis

643 1286 842 1385 impertiet,
868 1291 975 1366 etiam
999 1303 1251 1391 postmortem
1278 1297 1489 1370 duraturum.
1540 1296 1688 1370 Proinde
1723 1321 1792 1370 non
1820 1297 1888 1370 nisi
1911 1291 2194 1392 intelligentiori-

643 1405 712 1480 bus
737 1409 929 1508 Theologia
952 1411 1130 1488 destinata
1154 1426 1227 1502 est,
1253 1424 1295 1488 ut
1318 1415 1459 1513 quaevis
1483 1415 1549 1488 alie
1575 1415 1755 1512 disciplina
1779 1415 2007 1498 Academioa;
2045 1409 2197 1484 ecclesia

642 1549 724 1599 vero
766 1528 933 1602 omnibus
967 1539 1084 1628 patet,
1120 1533 1390 1632 quibuscunque
1427 1535 1568 1608 tandem
1606 1535 1827 1622 hominibus,
1867 1533 1981 1614 doctis
2017 1529 2196 1614 indoctis,

643 1645 791 1720 renibus
812 1647 1030 1738 iunioribus,
1053 1651 1223 1725 divitibus
1249 1653 1387 1751 egenis,
1422 1654 1520 1727 laetis
1544 1653 1686 1740 affictis,
1721 1653 1906 1740 omnibns,
1945 1654 2076 1751 quippe
2112 1648 2198 1721 reli.

643 1763 761 1860 gionis
782 1767 970 1864 capacibus
992 1795 1103 1867 eaque
1130 1795 1201 1844 non
1227 1773 1301 1844 sine
1328 1772 1424 1870 gravi
1452 1773 1578 1845 damno
1602 1772 1811 1847 carentibus
1862 1771 1957 1846 Hinc
1986 1783 2109 1845 eutem
2131 1791 2194 1840 ne·

643 1884 798 1956 cessario
820 1887 997 1983 sequitur,
1023 1889 1119 1963 baud
1143 1891 1259 1990 magis
1278 1892 1424 1965 alterurn
1445 1892 1586 1964 alterins
1609 1915 1687 1964 asse
1708 1915 1809 1988 posse
1827 1889 1985 1963 aneillom
2012 1897 2049 1962 et
2073 1887 2196 1985 pedis-

646 2023 813 2098 sequam,
839 2029 946 2102 quam
971 2006 1151 2082 dominam
1177 2020 1284 2108 etque
1305 2010 1470 2108 reginam.
1522 2010 1629 2109 Quod
1656 2017 1771 2086 tamen
1798 2019 1839 2091 ut
1861 2007 2037 2083 neminem
2063 2007 2196 2092 lateat,

646 2122 758 2218 paulo
791 2125 1005 2198 enucleatius
1044 2129 1290 2224 exponendum
1328 2130 1472 2204 videtur.
1522 2129 1658 2226 Magna
1691 2129 1783 2201 onim
1818 2129 1854 2202 in
1890 2128 1948 2200 his
1979 2125 2198 2224 opinionum

647 2241 968 2338 praeiudicatamm
992 2245 1044 2318 vis
1071 2255 1125 2318 est
1149 2256 1185 2319 et
1208 2247 1406 2344 pertinacia.

698 2477 746 2550 Et
783 2478 900 2553 schola
932 2481 1076 2578 quidem
1109 2506 1189 2556 vare
1223 2483 1470 2572 ecelesiastica,
1506 2485 1543 2556 id
1577 2493 1630 2556 est
1664 2483 1721 2556 oui
1750 2481 1892 2555 ecelesia
1920 2491 2089 2577 tanquam
2119 2477 2198 2550 falli

650 2597 766 2672 nescia
789 2598 939 2696 imperet
968 2601 1232 2700 tramitemque,
1268 2625 1372 2700 quem
1403 2612 1584 2700 sequetur,
1611 2600 1825 2699 praescribit,
1851 2599 1935 2674 haec
1962 2595 2070 2698 igitur
2095 2597 2198 2692 cogis

650 2717 760 2789 tando
783 2717 870 2815 fingi
894 2727 1030 2815 potest,
1059 2719 1094 2792 in
1122 2721 1237 2793 luceru
1261 2747 1343 2796 vero
1371 2721 1507 2818 prodire
1531 2729 1566 2792 et
1587 2719 1719 2792 tructus
1743 2717 1848 2805 ferre,
1875 2741 1935 2790 me
1956 2717 2093 2802 iudice,
2121 2739 2199 2792 nou

651 2845 778 2933 potest.
817 2836 944 2908 Onrnis
964 2839 1160 2911 necessario
1181 2839 1274 2935 perit
1296 2840 1366 2918 veri
1388 2839 1537 2912 nominis
1558 2837 1734 2935 indagatio
1754 2863 1794 2910 ac
1817 2837 2049 2934 perscrutatio·
2072 2855 2198 2908 rerum

652 2953 867 3039 divinarum,
906 2953 1011 3026 simul
1050 2963 1157 3052 atque
1193 2956 1273 3054 lege
1304 2965 1406 3034 antea
1429 2956 1655 3030 constitutum
1691 2965 1762 3042 est,
1800 2956 1879 3052 quis
1906 2964 1942 3028 et
1969 2954 2083 3051 qualis
2117 2975 2198 3024 esse

652 3071 780 3145 debeat
804 3072 898 3144 illins
922 3073 1156 3171 indagationis
1181 3076 1305 3148 exitus.
1356 3075 1416 3148 Ad
1438 3099 1593 3148 rrcrmenr
1628 3075 1764 3172 regulae
1798 3074 1881 3147 fidei
1909 3073 2046 3146 exculta
2076 3072 2197 3144 'lllreo-

651 3189 747 3287 logia
769 3199 832 3263 aut
865 3191 961 3264 nulla
984 3201 1063 3280 est,
1099 3202 1185 3280 aut,
1218 3194 1247 3265 si
1278 3194 1368 3280 ulla,
1403 3194 1533 3266 nullius
1558 3202 1673 3266 tauron
1698 3193 1809 3290 pretii.
1858 3193 1980 3264 Tertor
2001 3177 2199 3286 ‘theobgas

653 3308 833 3382 communi
858 3308 1000 3381 nomine
1035 3308 1256 3383 scholasticos
1285 3309 1413 3396 dictos,
1449 3310 1509 3406 qui
1540 3310 1654 3382 medio
1686 3333 1769 3386 aevo
1800 3310 1991 3386 floruerunt
2023 3333 2093 3406 per
2127 3309 2200 3380 trin

656 3439 850 3524 quatuorve
873 3427 1020 3500 succuba.
1073 3427 1124 3498 Hi
1145 3428 1239 3502 anim
1258 3427 1378 3500 laboro
1395 3427 1585 3500 incredibili
1607 3429 1821 3501 desudarunt
1841 3429 1878 3500 in
1900 3428 2058 3501 doctrina
2082 3427 2198 3500 eccle-

655 3545 793 3618 siastica
817 3543 1056 3643 philosophiae
1088 3545 1329 3618 Aristotelicas
1360 3569 1442 3642 ope,
1478 3545 1501 3618 i.
1518 3570 1547 3618 e.
1577 3546 1790 3643 argu-mentis
1819 3546 2010 3620 dialecticis
2036 3571 2060 3618 c
2086 3547 2199 3642 priori

656 3663 792 3750 ductis,
817 3663 1061 3761 intelligenda,
1086 3664 1232 3750 tuenda,
1259 3663 1523 3760 conprobanda.
1574 3665 1689 3736 Nemo
1713 3689 1795 3738 sane
1821 3665 1950 3738 infitias
1975 3663 2065 3748 ibit,
2096 3663 2199 3741 udd—

655 3782 735 3857 tria
759 3799 818 3854 eos
845 3783 1059 3860 exstruxisse
1086 3782 1288 3879 magnifica,
1325 3781 1371 3855 ab
1397 3781 1600 3878 aequalibus
1629 3782 1772 3856 summis
1799 3782 1964 3855 laudibus
1994 3781 2198 3867 celebrata,

657 3923 748 3997 quoe
774 3908 811 3971 et
839 3923 922 3986 nos,
950 3906 1143 3997 spectatum
1179 3899 1339 3986 admissi,
1373 3899 1591 3972 admiremur.
1643 3899 1713 3970 Sed
1734 3901 1769 3972 in
1798 3899 2075 3984 subtilitatibus,
2103 3924 2198 3998 ques

657 4027 855 4105 necterent,
881 4019 1075 4116 uirgisque,
1103 4041 1190 4112 quas
1215 4017 1423 4114 proferrent,
1457 4041 1602 4113 magnos
1629 4016 1705 4088 illos
1728 4017 1815 4090 viros
1842 4042 1985 4114 operam·
2011 4025 2047 4088 at
2072 4017 2198 4090 oleum

653 4135 863 4235 perdidisse,
891 4161 961 4210 una
981 4135 1139 4208 omniurn
1167 4157 1231 4209 vox
1258 4145 1320 4209 est.
1358 4135 1454 4208 Nihil
1476 4133 1668 4231 quidquam
1689 4133 1894 4220 effecerunt,
1920 4143 2002 4222 aut,
2030 4135 2060 4207 si
2083 4160 2199 4232 qnam

658 4255 729 4328 vim
756 4254 961 4343 habuerint,
987 4255 1083 4352 quod
1105 4277 1173 4326 non
1199 4254 1416 4351 negaverim,
1449 4253 1484 4323 in
1509 4250 1586 4322 rudi
1609 4249 1788 4322 hominum
1809 4251 1950 4347 ingenio
1976 4253 2198 4340 metendo,

660 4393 778 4445 vereor
801 4381 937 4460 tamen,
969 4397 1018 4446 ne
1041 4371 1335 4469 disputationibus
1361 4369 1405 4441 de
1431 4365 1686 4452 nominalismo,
1712 4366 1772 4463 qui
1800 4367 1944 4456 dicitur,
1967 4379 2003 4444 et
2027 4370 2201 4444 realismn

658 4513 799 4564 omnem
821 4487 998 4587 roligionis
1020 4477 1160 4561 sensum
1181 4490 1216 4560 in
1240 4511 1360 4560 eorum
1383 4487 1508 4558 animis
1527 4485 1765 4570 suffocassant,
1788 4487 1855 4558 nisi
1873 4489 2021 4582 mystica
2040 4490 2199 4564 aliorum

660 4610 766 4697 ratio,
794 4609 915 4682 animo
934 4607 982 4680 ad
1000 4607 1171 4680 bonorum
1194 4605 1319 4690 finem,
1345 4605 1461 4677 Deum
1486 4601 1749 4696 Christumque,
1773 4601 1989 4692 extollendo,
2016 4607 2201 4681 laboranti

656 4727 885 4802 succurrisset
907 4724 1092 4812 *ecclesiae
1128 4745 1233 4819 quam
1265 4719 1392 4792 deinde
1413 4725 1577 4790 sanarunt
1598 4717 1864 4794 Reformatores.
1913 4721 2087 4798 Similiter
2114 4737 2202 4825 post
