4926 6180
739 681 962 748 luulcta
998 678 1264 747 Ottutltutt.
1438 693 1440 700 ’
1721 675 1763 738 47

244 897 321 966 erat
354 889 564 979 haurienda,
601 891 740 990 parcius
773 891 870 966 adiit.
921 888 1083 986 Denique
1117 887 1196 960 stilo
1236 911 1321 961 usus
1354 894 1407 960 est
1437 907 1557 982 parum
1597 879 1765 979 eleganti,

243 1027 494 1108 nonuunquam
520 1010 744 1085 subobscuro.
797 1013 1018 1106 Quapropter
1041 1009 1139 1082 Ordo
1162 1008 1318 1093 censuit,
1344 1013 1519 1100 auctorem
1540 1025 1643 1076 aureo
1668 1024 1763 1098 praa·

243 1127 321 1204 min
346 1148 414 1202 non
446 1129 746 1204 condecorandam
782 1153 875 1216 esse,
910 1129 971 1202 sad
1005 1152 1110 1202 suam·
1129 1138 1245 1200 tamen
1273 1126 1323 1198 ita
1350 1125 1511 1222 probasse
1535 1121 1763 1210 industriam,

243 1256 285 1322 ut
316 1248 456 1347 publice
490 1249 623 1324 laudari
654 1260 835 1326 mereatur.
886 1249 956 1322 Hic
979 1271 1076 1335 vero,
1103 1247 1181 1320 licet
1205 1256 1387 1330 evocatus,
1411 1267 1535 1316 nomeu
1560 1265 1664 1316 suum
1686 1265 1763 1339 pro·

243 1365 355 1444 letus
380 1389 454 1442 nau.
474 1379 537 1442 ast

872 1659 1135 1674 *nn-m

312 1963 547 2070 IUDlGthl
572 1965 775 2038 ORDINIS
800 1963 1191 2038 DlSClPLlNARUM
1217 1961 1690 2036 MATHEMA'PICARUM

805 2107 850 2158 un
875 2083 1207 2157 PHYSICARUM.

291 2322 324 2394 Α
360 2322 538 2396 llacultute
576 2321 844 2420 Disciplinarum
882 2283 1207 2396 Mathematicarum
1243 2331 1278 2393 et
1312 2319 1536 2418 Physirarum
1566 2318 1655 2392 duaa
1682 2343 1761 2418 pro·

240 2440 373 2542 panitae
400 2449 482 2514 aunt
506 2443 744 2539 quaestiones:
770 2443 813 2516 ad
839 2464 1118 2538 unamquamque
1143 2464 1212 2513 una
1237 2439 1338 2513 allata
1361 2447 1414 2512 est
1437 2436 1622 2535 responsio.

291 2560 364 2638 Qui
390 2561 568 2658 respondit
590 2562 694 2658 priori
718 2561 929 2660 quaestioni:
961 2568 1167 2656 conponatur
1191 2561 1338 2633 dilucide
1361 2568 1396 2633 et
1419 2561 1468 2632 ad
1489 2561 1642 2630 criticum
1656 2559 1761 2630 rario-

96 2649 98 2652 Ι
241 2704 313 2753 nem
351 2680 483 2752 theona
521 2681 759 2754 mathematico
795 2685 832 2754 el
854 2679 999 2778 pepusa
1024 2681 1066 2752 dc
1089 2681 1214 2775 pluvio
1230 2681 1339 2778 fluidl
1363 2682 1496 2754 elostici
1523 2679 1673 2764 evasis,
1698 2703 1762 2777 quo

240 2800 447 2884 continetur,
486 2802 612 2896 sufficio
636 2799 755 2898 empne
779 2801 815 2874 el
838 2797 1054 2872 tenuissimu’
1080 2801 1369 2874 commentatione
1395 2798 1560 2896 inscripta
1586 2796 1759 2894 symbolo:

245 2945 263 2984 a
274 2909 386 2990 Verus
419 2919 649 3015 superiecticc
679 2921 759 2993 crdo
786 2923 933 3016 primum
971 2919 1080 2992 lumen
1112 2921 1286 3006 accendit,
1322 2922 1442 2992 deinde
1461 2944 1529 3014 per
1555 2917 1670 2990 lumea·
1693 2917 1761 2989 iter

171 3113 173 3117 ,
239 3037 454 3111 demonstrat.
518 3040 638 3125 Baro,
673 3041 803 3114 Nouum
848 3063 1006 3137 orpcnum
1048 3039 1172 3111 Sciant.
1209 3038 1405 3128 LXXXII
1406 3039 1439 3125 '',
1479 3061 1547 3109 non
1585 3034 1630 3110 nh
1665 3023 1762 3109 omni

239 3165 336 3253 parte
371 3155 420 3230 ita
454 3181 526 3231 rem
558 3158 769 3237 intellexisse
803 3159 955 3245 videtur,
991 3166 1030 3230 ut
1062 3156 1215 3231 voluerat
1242 3157 1424 3244 Facultas,
1451 3181 1568 3230 verum
1596 3155 1760 3230 maiorem

239 3299 354 3349 rerum
387 3276 557 3350 ambitum
593 3278 659 3352 sibi
696 3279 941 3377 inquirendum
974 3277 1109 3352 sumsit.
1162 3279 1276 3356 Quam
1306 3277 1565 3374 inquisitionem
1591 3276 1639 3349 ita
1662 3273 1760 3348 insti·

240 3395 308 3468 tuit
332 3405 368 3469 et
387 3397 530 3496 perfecit
559 3407 597 3470 ut
623 3398 724 3496 plane
749 3397 964 3484 ostenderet,
999 3395 1165 3469 theoriam
1190 3420 1226 3470 se
1250 3404 1285 3468 et
1314 3393 1591 3467 mathematicam
1616 3400 1651 3465 et
1675 3391 1760 3490 phy·

240 3514 363 3603 sicam,
401 3515 444 3592 da
479 3537 553 3614 qua
581 3517 717 3616 agunt,
751 3518 839 3592 heus
873 3525 1091 3614 perspectum
1128 3514 1276 3602 habers,
1309 3537 1424 3612 nequa
1446 3513 1552 3586 stiam
1579 3513 1758 3610 igporare,

239 3657 328 3730 quse
361 3637 566 3710 recentiores
604 3637 640 3710 in
674 3637 738 3712 hac
771 3647 866 3735 parte
896 3635 1053 3734 physices
1080 3634 1307 3732 pmtutemm.
1364 3633 1481 3730 lpsius
1507 3657 1585 3705 vero
1611 3630 1759 3704 theoriae

240 3753 521 3842 mathematicae,
546 3767 685 3855 propter
706 3781 830 3831 rerum·
845 3778 931 3854 quas
957 3755 1112 3829 tractavit
1136 3754 1322 3842 rationem,
1347 3753 1483 3850 plenam
1507 3761 1542 3825 et
1562 3748 1757 3824 absolutam

239 3875 487 3972 expositionem
512 3901 580 3950 nou
605 3877 711 3952 dedit.
752 3878 873 3950 -Suum
898 3885 1013 3949 tamen
1034 3883 1278 3973 argumentum
1303 3873 1396 3948 clara
1412 3869 1575 3969 exposuit
1592 3879 1628 3944 et
1648 3879 1756 3967 apste-

239 3993 391 4080 natus,
419 3997 714 4092 quemadmodum
752 3997 786 4070 iu
825 4021 939 4070 rerum
977 4005 1102 4070 natura
1133 3993 1357 4069 describenda
1390 3993 1499 4068 decet.
1549 3991 1595 4066 Et
1619 4015 1661 4064 aa
1686 3997 1758 4062 tota

238 4115 533 4190 commentatione
551 4117 638 4192 bene
665 4117 709 4190 da
735 4117 897 4215 scriptore
919 4139 1054 4213 sperare
1078 4114 1178 4202 licat,
1203 4123 1239 4188 et
1261 4113 1433 4188 confidere
1455 4135 1535 4186 cum
1554 4109 1656 4184 laude
1673 4131 1754 4182 eum

238 4231 424 4330 aliquando
446 4236 490 4310 ins
507 4235 699 4335 disciplinis
721 4236 975 4314 mathematicis
999 4246 1033 4308 et
1059 4234 1208 4332 physicis
1230 4257 1304 4306 essa
1330 4231 1598 4305 elaboraturum.

287 4353 429 4430 Quibus
464 4356 510 4429 da
543 4358 655 4432 causis
691 4357 787 4430 Ordo
821 4355 1146 4431 commentationem
1184 4377 1267 4428 auro
1298 4350 1494 4427 cruendam
1515 4347 1659 4424 censuit.
1710 4347 1753 4420 In

240 4471 402 4548 schedula
427 4477 624 4574 scriptoram
650 4502 686 4550 se
711 4477 883 4575 professus
909 4483 969 4548 eet.

758 4613 973 4674 nuuoureua
990 4611 1229 4682 unumunurn

595 4725 680 4784 ararax
701 4731 727 4783 c
742 4725 815 4784 auu
830 4726 896 4784 uu.
912 4727 941 4782 a
959 4723 1038 4782 usu,
1057 4722 1135 4796 aaa.
1154 4723 1216 4778 aar.
1236 4721 1411 4791 mucra,

240 4836 299 4932 qui
323 4862 419 4926 sese,
444 4839 604 4916 instituto
631 4842 808 4928 examine,
834 4851 1008 4915 auctorem
1034 4863 1108 4914 esse
1131 4837 1304 4913 Facultati
1327 4834 1468 4912 abunda
1491 4829 1657 4932 probavit.
