<?xml version="1.0" encoding="UTF-8"?>
<!DOCTYPE html PUBLIC "-//W3C//DTD XHTML 1.0 Transitional//EN"
    "http://www.w3.org/TR/xhtml1/DTD/xhtml1-transitional.dtd">
<html xmlns="http://www.w3.org/1999/xhtml" xml:lang="en" lang="en">
 <head>
  <title>
</title>
<meta http-equiv="Content-Type" content="text/html;charset=utf-8" />
  <meta name='ocr-system' content='tesseract 3.04.00' />
  <meta name='ocr-capabilities' content='ocr_page ocr_carea ocr_par ocr_line ocrx_word'/>
</head>
<body>
  <div class='ocr_page' id='page_1' title='image "annalesacademic01unkngoog_0061.png"; bbox 0 0 4926 6180; ppageno 0'>
   <div class='ocr_carea' id='block_1_1' title="bbox 740 671 1759 750">
    <p class='ocr_par' dir='ltr' id='par_1_1' title="bbox 740 671 1759 750">
     <span class='ocr_line' id='line_1_1' title="bbox 740 671 1759 750; baseline 0.011 -11"><span class='ocrx_word' id='word_1_1' title='bbox 740 671 783 739; x_wconf 77' lang='lat'>50</span> <span class='ocrx_word' id='word_1_2' title='bbox 1238 677 1759 750; x_wconf 79' lang='lat' dir='ltr'>lun1c1l0uu11luu.</span> 
     </span>
    </p>
   </div>
   <div class='ocr_carea' id='block_1_2' title="bbox 728 880 2322 2658">
    <p class='ocr_par' dir='ltr' id='par_1_2' title="bbox 728 880 2322 2658">
     <span class='ocr_line' id='line_1_2' title="bbox 738 880 2250 985; baseline 0.005 -30"><span class='ocrx_word' id='word_1_3' title='bbox 738 880 955 982; x_wconf 84' lang='lat' dir='ltr'>diligentiam</span> <span class='ocrx_word' id='word_1_4' title='bbox 990 882 1244 972; x_wconf 85' lang='lat' dir='ltr'>demonstrant,</span> <span class='ocrx_word' id='word_1_5' title='bbox 1278 883 1377 980; x_wconf 86' lang='lat' dir='ltr'>plura</span> <span class='ocrx_word' id='word_1_6' title='bbox 1407 889 1522 958; x_wconf 75' lang='lat' dir='ltr'>umen</span> <span class='ocrx_word' id='word_1_7' title='bbox 1552 897 1754 972; x_wconf 86' lang='lat' dir='ltr'>occurrunt,</span> <span class='ocrx_word' id='word_1_8' title='bbox 1788 909 1878 985; x_wconf 89' lang='lat' dir='ltr'>quae</span> <span class='ocrx_word' id='word_1_9' title='bbox 1910 887 2041 962; x_wconf 84' lang='lat' dir='ltr'>iustam</span> <span class='ocrx_word' id='word_1_10' title='bbox 2075 911 2250 962; x_wconf 88' lang='lat' dir='ltr'>censuram</span> 
     </span>
     <span class='ocr_line' id='line_1_3' title="bbox 738 1001 2250 1106; baseline 0.003 -32"><span class='ocrx_word' id='word_1_11' title='bbox 738 1009 926 1077; x_wconf 89' lang='lat' dir='ltr'>merentur.</span> <span class='ocrx_word' id='word_1_12' title='bbox 990 1001 1127 1076; x_wconf 83' lang='lat' dir='ltr'>Scilicet</span> <span class='ocrx_word' id='word_1_13' title='bbox 1162 1025 1230 1077; x_wconf 91' lang='lat' dir='ltr'>non</span> <span class='ocrx_word' id='word_1_14' title='bbox 1262 1002 1338 1103; x_wconf 84' lang='lat' dir='ltr'>ipsa</span> <span class='ocrx_word' id='word_1_15' title='bbox 1373 1011 1492 1078; x_wconf 87' lang='lat' dir='ltr'>auctor</span> <span class='ocrx_word' id='word_1_16' title='bbox 1527 1006 1770 1105; x_wconf 69' lang='lat' dir='ltr'>pervestigent</span> <span class='ocrx_word' id='word_1_17' title='bbox 1804 1005 1990 1106; x_wconf 87' lang='lat' dir='ltr'>principia,</span> <span class='ocrx_word' id='word_1_18' title='bbox 2026 1007 2071 1080; x_wconf 87' lang='lat' dir='ltr'>ed</span> <span class='ocrx_word' id='word_1_19' title='bbox 2108 1029 2250 1106; x_wconf 89' lang='lat' dir='ltr'>quorum</span> 
     </span>
     <span class='ocr_line' id='line_1_4' title="bbox 733 1117 2322 1224; baseline 0.003 -29"><span class='ocrx_word' id='word_1_20' title='bbox 733 1145 892 1196; x_wconf 84' lang='lat' dir='ltr'>normam</span> <span class='ocrx_word' id='word_1_21' title='bbox 931 1121 1025 1220; x_wconf 82' lang='lat' dir='ltr'>leges</span> <span class='ocrx_word' id='word_1_22' title='bbox 1062 1121 1107 1196; x_wconf 91' lang='lat' dir='ltr'>de</span> <span class='ocrx_word' id='word_1_23' title='bbox 1141 1123 1262 1197; x_wconf 88' lang='lat' dir='ltr'>ordine</span> <span class='ocrx_word' id='word_1_24' title='bbox 1295 1122 1501 1197; x_wconf 90' lang='lat' dir='ltr'>iudiciorum</span> <span class='ocrx_word' id='word_1_25' title='bbox 1530 1125 1745 1223; x_wconf 87' lang='lat' dir='ltr'>publicorum</span> <span class='ocrx_word' id='word_1_26' title='bbox 1783 1127 1820 1200; x_wconf 89' lang='lat' dir='ltr'>iu</span> <span class='ocrx_word' id='word_1_27' title='bbox 1854 1127 2056 1224; x_wconf 83' lang='lat' dir='ltr'>gravissimo</span> <span class='ocrx_word' id='word_1_28' title='bbox 2080 1126 2253 1200; x_wconf 80' lang='lat' dir='ltr'>revisionis</span> <span class='ocrx_word' id='word_1_29' title='bbox 2315 1117 2322 1126; x_wconf 75' lang='grc'><strong>’</strong></span> 
     </span>
     <span class='ocr_line' id='line_1_5' title="bbox 733 1241 2251 1344; baseline 0.003 -30"><span class='ocrx_word' id='word_1_30' title='bbox 733 1242 807 1316; x_wconf 91' lang='lat' dir='ltr'>loco</span> <span class='ocrx_word' id='word_1_31' title='bbox 838 1241 1031 1341; x_wconf 80' lang='lat' dir='ltr'>erigendae</span> <span class='ocrx_word' id='word_1_32' title='bbox 1063 1249 1165 1330; x_wconf 89' lang='lat' dir='ltr'>sunt,</span> <span class='ocrx_word' id='word_1_33' title='bbox 1199 1243 1258 1318; x_wconf 87' lang='lat' dir='ltr'>sed</span> <span class='ocrx_word' id='word_1_34' title='bbox 1288 1243 1400 1341; x_wconf 83' lang='lat' dir='ltr'>magis</span> <span class='ocrx_word' id='word_1_35' title='bbox 1424 1267 1594 1344; x_wconf 78' lang='lat' dir='ltr'>exponere</span> <span class='ocrx_word' id='word_1_36' title='bbox 1618 1253 1762 1320; x_wconf 75' lang='lat' dir='ltr'>mustus</span> <span class='ocrx_word' id='word_1_37' title='bbox 1787 1255 1861 1333; x_wconf 88' lang='lat' dir='ltr'>est,</span> <span class='ocrx_word' id='word_1_38' title='bbox 1887 1269 1976 1344; x_wconf 89' lang='lat' dir='ltr'>quae</span> <span class='ocrx_word' id='word_1_39' title='bbox 2002 1245 2145 1321; x_wconf 82' lang='lat' dir='ltr'>dirersis</span> <span class='ocrx_word' id='word_1_40' title='bbox 2170 1256 2251 1318; x_wconf 89' lang='lat' dir='ltr'>tem·</span> 
     </span>
     <span class='ocr_line' id='line_1_6' title="bbox 730 1361 2249 1464; baseline 0.002 -30"><span class='ocrx_word' id='word_1_41' title='bbox 730 1361 873 1459; x_wconf 92' lang='lat' dir='ltr'>poribus</span> <span class='ocrx_word' id='word_1_42' title='bbox 908 1363 952 1436; x_wconf 89' lang='lat' dir='ltr'>de</span> <span class='ocrx_word' id='word_1_43' title='bbox 988 1367 1050 1437; x_wconf 90' lang='lat' dir='ltr'>hoc</span> <span class='ocrx_word' id='word_1_44' title='bbox 1080 1371 1286 1462; x_wconf 82' lang='lat' dir='ltr'>argumento</span> <span class='ocrx_word' id='word_1_45' title='bbox 1317 1363 1453 1462; x_wconf 86' lang='lat' dir='ltr'>legibus</span> <span class='ocrx_word' id='word_1_46' title='bbox 1476 1365 1681 1464; x_wconf 88' lang='lat' dir='ltr'>populorum</span> <span class='ocrx_word' id='word_1_47' title='bbox 1708 1366 1872 1464; x_wconf 90' lang='lat' dir='ltr'>scitisque</span> <span class='ocrx_word' id='word_1_48' title='bbox 1895 1366 2026 1441; x_wconf 88' lang='lat' dir='ltr'>luerint</span> <span class='ocrx_word' id='word_1_49' title='bbox 2052 1365 2249 1440; x_wconf 88' lang='lat' dir='ltr'>constitute.</span> 
     </span>
     <span class='ocr_line' id='line_1_7' title="bbox 730 1482 2250 1582; baseline 0.001 -27"><span class='ocrx_word' id='word_1_50' title='bbox 730 1483 772 1555; x_wconf 90' lang='lat' dir='ltr'>ln</span> <span class='ocrx_word' id='word_1_51' title='bbox 799 1482 853 1556; x_wconf 91' lang='lat' dir='ltr'>bis</span> <span class='ocrx_word' id='word_1_52' title='bbox 879 1505 958 1557; x_wconf 89' lang='lat' dir='ltr'>vero</span> <span class='ocrx_word' id='word_1_53' title='bbox 983 1483 1144 1558; x_wconf 85' lang='lat' dir='ltr'>eruendis</span> <span class='ocrx_word' id='word_1_54' title='bbox 1172 1484 1376 1582; x_wconf 88' lang='lat' dir='ltr'>plerumque</span> <span class='ocrx_word' id='word_1_55' title='bbox 1401 1507 1470 1557; x_wconf 90' lang='lat' dir='ltr'>non</span> <span class='ocrx_word' id='word_1_56' title='bbox 1496 1485 1587 1582; x_wconf 90' lang='lat' dir='ltr'>ipsos</span> <span class='ocrx_word' id='word_1_57' title='bbox 1612 1485 1737 1558; x_wconf 88' lang='lat' dir='ltr'>adiisse</span> <span class='ocrx_word' id='word_1_58' title='bbox 1759 1486 1871 1560; x_wconf 84' lang='lat' dir='ltr'>fontes</span> <span class='ocrx_word' id='word_1_59' title='bbox 1902 1484 2070 1560; x_wconf 89' lang='lat' dir='ltr'>dicendus</span> <span class='ocrx_word' id='word_1_60' title='bbox 2094 1493 2167 1573; x_wconf 88' lang='lat' dir='ltr'>est,</span> <span class='ocrx_word' id='word_1_61' title='bbox 2194 1485 2250 1557; x_wconf 88' lang='lat' dir='ltr'>sed</span> 
     </span>
     <span class='ocr_line' id='line_1_8' title="bbox 730 1601 2250 1702; baseline 0 -27"><span class='ocrx_word' id='word_1_62' title='bbox 730 1603 846 1700; x_wconf 89' lang='lat' dir='ltr'>potius</span> <span class='ocrx_word' id='word_1_63' title='bbox 874 1603 1102 1678; x_wconf 83' lang='lat' dir='ltr'>recentiorum</span> <span class='ocrx_word' id='word_1_64' title='bbox 1122 1604 1327 1702; x_wconf 86' lang='lat' dir='ltr'>scriptorum</span> <span class='ocrx_word' id='word_1_65' title='bbox 1349 1603 1456 1678; x_wconf 87' lang='lat' dir='ltr'>fidem</span> <span class='ocrx_word' id='word_1_66' title='bbox 1478 1604 1527 1677; x_wconf 88' lang='lat' dir='ltr'>ite</span> <span class='ocrx_word' id='word_1_67' title='bbox 1551 1613 1691 1680; x_wconf 85' lang='lat' dir='ltr'>secutus</span> <span class='ocrx_word' id='word_1_68' title='bbox 1717 1629 1810 1694; x_wconf 89' lang='lat' dir='ltr'>esse,</span> <span class='ocrx_word' id='word_1_69' title='bbox 1838 1613 1878 1678; x_wconf 93' lang='lat' dir='ltr'>ut</span> <span class='ocrx_word' id='word_1_70' title='bbox 1902 1604 2010 1679; x_wconf 89' lang='lat' dir='ltr'>studii</span> <span class='ocrx_word' id='word_1_71' title='bbox 2031 1603 2143 1702; x_wconf 83' lang='lat' dir='ltr'>magis</span> <span class='ocrx_word' id='word_1_72' title='bbox 2161 1601 2250 1676; x_wconf 91' lang='lat' dir='ltr'>labo·</span> 
     </span>
     <span class='ocr_line' id='line_1_9' title="bbox 729 1721 2249 1822; baseline 0 -28"><span class='ocrx_word' id='word_1_73' title='bbox 729 1721 846 1820; x_wconf 90' lang='lat' dir='ltr'>risque</span> <span class='ocrx_word' id='word_1_74' title='bbox 873 1723 1116 1821; x_wconf 82' lang='lat' dir='ltr'>pertinaciam,</span> <span class='ocrx_word' id='word_1_75' title='bbox 1143 1747 1248 1822; x_wconf 89' lang='lat' dir='ltr'>qnam</span> <span class='ocrx_word' id='word_1_76' title='bbox 1279 1723 1332 1796; x_wconf 91' lang='lat' dir='ltr'>vel</span> <span class='ocrx_word' id='word_1_77' title='bbox 1355 1723 1475 1797; x_wconf 87' lang='lat' dir='ltr'>iudicii</span> <span class='ocrx_word' id='word_1_78' title='bbox 1500 1725 1726 1798; x_wconf 76' lang='lat' dir='ltr'>subtilitatem</span> <span class='ocrx_word' id='word_1_79' title='bbox 1752 1725 1804 1798; x_wconf 87' lang='lat' dir='ltr'>vel</span> <span class='ocrx_word' id='word_1_80' title='bbox 1824 1725 1999 1798; x_wconf 86' lang='lat' dir='ltr'>doctrinae</span> <span class='ocrx_word' id='word_1_81' title='bbox 2021 1723 2155 1822; x_wconf 85' lang='lat' dir='ltr'>copiam</span> <span class='ocrx_word' id='word_1_82' title='bbox 2178 1747 2249 1820; x_wconf 89' lang='lat' dir='ltr'>pro·</span> 
     </span>
     <span class='ocr_line' id='line_1_10' title="bbox 730 1841 2247 1942; baseline 0.001 -30"><span class='ocrx_word' id='word_1_83' title='bbox 730 1841 838 1916; x_wconf 86' lang='lat' dir='ltr'>beret.</span> <span class='ocrx_word' id='word_1_84' title='bbox 867 1842 1047 1916; x_wconf 88' lang='lat' dir='ltr'>Praeterea</span> <span class='ocrx_word' id='word_1_85' title='bbox 1061 1843 1225 1942; x_wconf 88' lang='lat' dir='ltr'>propositi</span> <span class='ocrx_word' id='word_1_86' title='bbox 1246 1844 1442 1942; x_wconf 86' lang='lat' dir='ltr'>argumenti</span> <span class='ocrx_word' id='word_1_87' title='bbox 1456 1869 1536 1916; x_wconf 88' lang='lat' dir='ltr'>curn</span> <span class='ocrx_word' id='word_1_88' title='bbox 1552 1845 1627 1919; x_wconf 90' lang='lat' dir='ltr'>aliis</span> <span class='ocrx_word' id='word_1_89' title='bbox 1642 1845 1727 1917; x_wconf 86' lang='lat' dir='ltr'>iuris</span> <span class='ocrx_word' id='word_1_90' title='bbox 1738 1844 1924 1918; x_wconf 85' lang='lat' dir='ltr'>criminalis</span> <span class='ocrx_word' id='word_1_91' title='bbox 1936 1843 2109 1941; x_wconf 80' lang='lat' dir='ltr'>capitibus</span> <span class='ocrx_word' id='word_1_92' title='bbox 2125 1865 2247 1916; x_wconf 84' lang='lat' dir='ltr'>nerum</span> 
     </span>
     <span class='ocr_line' id='line_1_11' title="bbox 731 1960 2249 2062; baseline -0.001 -29"><span class='ocrx_word' id='word_1_93' title='bbox 731 1960 969 2034; x_wconf 87' lang='lat' dir='ltr'>demonstrare</span> <span class='ocrx_word' id='word_1_94' title='bbox 997 1961 1083 2035; x_wconf 90' lang='lat' dir='ltr'>adeo</span> <span class='ocrx_word' id='word_1_95' title='bbox 1108 1962 1281 2059; x_wconf 86' lang='lat' dir='ltr'>neglexit,</span> <span class='ocrx_word' id='word_1_96' title='bbox 1309 1972 1346 2035; x_wconf 91' lang='lat' dir='ltr'>ut</span> <span class='ocrx_word' id='word_1_97' title='bbox 1372 1963 1543 2060; x_wconf 88' lang='lat' dir='ltr'>inquirere</span> <span class='ocrx_word' id='word_1_98' title='bbox 1567 1988 1706 2062; x_wconf 88' lang='lat' dir='ltr'>prorsus</span> <span class='ocrx_word' id='word_1_99' title='bbox 1728 1963 1901 2052; x_wconf 87' lang='lat' dir='ltr'>omiserit,</span> <span class='ocrx_word' id='word_1_100' title='bbox 1926 1961 2012 2060; x_wconf 91' lang='lat' dir='ltr'>quid</span> <span class='ocrx_word' id='word_1_101' title='bbox 2025 1962 2136 2036; x_wconf 88' lang='lat' dir='ltr'>valeat</span> <span class='ocrx_word' id='word_1_102' title='bbox 2150 1960 2249 2034; x_wconf 92' lang='lat' dir='ltr'>buius</span> 
     </span>
     <span class='ocr_line' id='line_1_12' title="bbox 731 2079 2248 2181; baseline -0.001 -29"><span class='ocrx_word' id='word_1_103' title='bbox 731 2081 885 2154; x_wconf 89' lang='lat' dir='ltr'>instituti</span> <span class='ocrx_word' id='word_1_104' title='bbox 909 2081 1095 2155; x_wconf 81' lang='lat' dir='ltr'>necessitas</span> <span class='ocrx_word' id='word_1_105' title='bbox 1118 2107 1137 2155; x_wconf 99' lang='lat' dir='ltr'>a</span> <span class='ocrx_word' id='word_1_106' title='bbox 1164 2081 1408 2155; x_wconf 87' lang='lat' dir='ltr'>recentissimis</span> <span class='ocrx_word' id='word_1_107' title='bbox 1435 2107 1573 2180; x_wconf 88' lang='lat' dir='ltr'>quoque</span> <span class='ocrx_word' id='word_1_108' title='bbox 1602 2082 1854 2181; x_wconf 79' lang='lat' dir='ltr'>legislatoribus</span> <span class='ocrx_word' id='word_1_109' title='bbox 1877 2080 2099 2179; x_wconf 85' lang='lat' dir='ltr'>comprobate</span> <span class='ocrx_word' id='word_1_110' title='bbox 2120 2079 2167 2153; x_wconf 86' lang='lat' dir='ltr'>nd</span> <span class='ocrx_word' id='word_1_111' title='bbox 2192 2079 2248 2151; x_wconf 90' lang='lat' dir='ltr'>im·</span> 
     </span>
     <span class='ocr_line' id='line_1_13' title="bbox 731 2198 2247 2310; baseline -0.001 -38"><span class='ocrx_word' id='word_1_112' title='bbox 731 2200 923 2298; x_wconf 87' lang='lat' dir='ltr'>pugnanda</span> <span class='ocrx_word' id='word_1_113' title='bbox 956 2208 1048 2275; x_wconf 89' lang='lat' dir='ltr'>certa</span> <span class='ocrx_word' id='word_1_114' title='bbox 1078 2223 1267 2298; x_wconf 88' lang='lat' dir='ltr'>poenarum</span> <span class='ocrx_word' id='word_1_115' title='bbox 1292 2223 1437 2298; x_wconf 83' lang='lat' dir='ltr'>genera,</span> <span class='ocrx_word' id='word_1_116' title='bbox 1471 2201 1628 2310; x_wconf 74' lang='lat' dir='ltr'>inprimis</span> <span class='ocrx_word' id='word_1_117' title='bbox 1654 2225 1800 2300; x_wconf 87' lang='lat' dir='ltr'>poenam</span> <span class='ocrx_word' id='word_1_118' title='bbox 1824 2201 1959 2300; x_wconf 85' lang='lat' dir='ltr'>capitis.</span> <span class='ocrx_word' id='word_1_119' title='bbox 2010 2198 2168 2274; x_wconf 78' lang='lat' dir='ltr'>Tandem</span> <span class='ocrx_word' id='word_1_120' title='bbox 2194 2198 2247 2270; x_wconf 89' lang='lat' dir='ltr'>de·</span> 
     </span>
     <span class='ocr_line' id='line_1_14' title="bbox 728 2317 2249 2418; baseline -0.001 -27"><span class='ocrx_word' id='word_1_121' title='bbox 728 2319 801 2393; x_wconf 88' lang='lat' dir='ltr'>ficit</span> <span class='ocrx_word' id='word_1_122' title='bbox 835 2319 939 2392; x_wconf 90' lang='lat' dir='ltr'>virilis</span> <span class='ocrx_word' id='word_1_123' title='bbox 971 2343 1041 2393; x_wconf 92' lang='lat' dir='ltr'>non</span> <span class='ocrx_word' id='word_1_124' title='bbox 1075 2320 1192 2394; x_wconf 91' lang='lat' dir='ltr'>minus</span> <span class='ocrx_word' id='word_1_125' title='bbox 1226 2343 1332 2417; x_wconf 87' lang='lat' dir='ltr'>quam</span> <span class='ocrx_word' id='word_1_126' title='bbox 1361 2317 1472 2393; x_wconf 76' lang='lat' dir='ltr'>nitida</span> <span class='ocrx_word' id='word_1_127' title='bbox 1505 2321 1634 2408; x_wconf 89' lang='lat' dir='ltr'>oratio,</span> <span class='ocrx_word' id='word_1_128' title='bbox 1668 2321 1804 2418; x_wconf 85' lang='lat' dir='ltr'>qualem</span> <span class='ocrx_word' id='word_1_129' title='bbox 1837 2319 2035 2418; x_wconf 85' lang='lat' dir='ltr'>postulabat</span> <span class='ocrx_word' id='word_1_130' title='bbox 2056 2319 2249 2418; x_wconf 83' lang='lat' dir='ltr'>argumenti</span> 
     </span>
     <span class='ocr_line' id='line_1_15' title="bbox 729 2437 2248 2538; baseline 0 -28"><span class='ocrx_word' id='word_1_131' title='bbox 729 2451 854 2512; x_wconf 88' lang='lat' dir='ltr'>natura</span> <span class='ocrx_word' id='word_1_132' title='bbox 888 2447 923 2512; x_wconf 90' lang='lat' dir='ltr'>et</span> <span class='ocrx_word' id='word_1_133' title='bbox 957 2439 1115 2538; x_wconf 84' lang='lat' dir='ltr'>gravitas.</span> <span class='ocrx_word' id='word_1_134' title='bbox 1169 2438 1308 2518; x_wconf 87' lang='lat' dir='ltr'>Quibus</span> <span class='ocrx_word' id='word_1_135' title='bbox 1344 2440 1506 2514; x_wconf 88' lang='lat' dir='ltr'>omnibus</span> <span class='ocrx_word' id='word_1_136' title='bbox 1542 2441 1586 2514; x_wconf 93' lang='lat' dir='ltr'>de</span> <span class='ocrx_word' id='word_1_137' title='bbox 1622 2441 1735 2514; x_wconf 86' lang='lat' dir='ltr'>causis</span> <span class='ocrx_word' id='word_1_138' title='bbox 1768 2440 2094 2515; x_wconf 84' lang='lat' dir='ltr'>commentationem</span> <span class='ocrx_word' id='word_1_139' title='bbox 2122 2437 2248 2536; x_wconf 88' lang='lat' dir='ltr'>premio</span> 
     </span>
     <span class='ocr_line' id='line_1_16' title="bbox 731 2557 1394 2658; baseline 0.005 -28"><span class='ocrx_word' id='word_1_140' title='bbox 731 2557 884 2632; x_wconf 88' lang='lat' dir='ltr'>decorari</span> <span class='ocrx_word' id='word_1_141' title='bbox 910 2582 978 2632; x_wconf 90' lang='lat' dir='ltr'>non</span> <span class='ocrx_word' id='word_1_142' title='bbox 1006 2584 1105 2658; x_wconf 89' lang='lat' dir='ltr'>posse</span> <span class='ocrx_word' id='word_1_143' title='bbox 1130 2560 1264 2634; x_wconf 88' lang='lat' dir='ltr'>censuit</span> <span class='ocrx_word' id='word_1_144' title='bbox 1288 2557 1394 2633; x_wconf 89' lang='lat' dir='ltr'>Ordo.</span> 
     </span>
    </p>
   </div>
   <div class='ocr_carea' id='block_1_3' title="bbox 0 0 2473 6180">
    <p class='ocr_par' dir='ltr' id='par_1_3' title="bbox 0 0 2473 6180">
     <span class='ocr_line' id='line_1_17' title="bbox 0 0 2473 6180; baseline 0 0"><span class='ocrx_word' id='word_1_145' title='bbox 0 0 2473 6180; x_wconf 95' lang='lat' dir='ltr'> </span> 
     </span>
    </p>
   </div>
  </div>
 </body>
</html>
