4926 6180
900 641 1178 716 oul‘trO.
1768 649 1810 719 11

278 879 376 932 sacra
401 857 535 932 saeculo
556 851 696 929 decimo
720 861 818 926 sexto
842 855 1033 928 instaurata
1065 856 1096 928 si
1130 857 1285 954 quaeris,
1319 856 1386 955 qul
1422 858 1564 933 undam
1590 857 1720 948 lactum
1747 860 1811 949 sit,

280 988 323 1052 nt
346 1001 418 1052 ram
445 975 682 1061 christianam,
706 997 815 1071 qnam
849 975 968 1074 magni
998 975 1169 1064 lacerent,
1204 985 1275 1052 tatu
1304 999 1428 1074 parum
1454 1003 1556 1078 saepe
1581 979 1814 1077 promoverint

282 1096 346 1170 riri
371 1095 570 1194 ceteroquin
595 1093 801 1183 doctissimi,
827 1095 1062 1194 sagacissimi,
1088 1095 1213 1171 laboris
1244 1097 1504 1196 patientissimi,
1529 1099 1603 1172 suis
1626 1123 1810 1196 nunquam

280 1213 515 1292 defraudandi
536 1210 716 1302 laudibus,
739 1214 800 1312 qui
811 1213 1018 1315 'theologiae
1041 1239 1179 1315 opernm
1201 1226 1367 1292 navarent
1385 1239 1532 1316 eamque
1553 1218 1590 1292 in
1613 1219 1813 1292 Academiis

289 1337 415 1411 nostn's
438 1336 619 1422 docerent,
642 1335 864 1434 respondeo,
878 1336 914 1408 in
939 1337 1101 1411 ecclcsiae
1128 1337 1350 1427 auctoritate,
1377 1339 1433 1413 oui
1462 1338 1661 1427 subessent,
1685 1347 1722 1412 et
1745 1340 1811 1413 ola·

287 1459 435 1530 ricomm
462 1455 699 1542 anathemate,
736 1455 830 1553 quod
862 1456 1142 1545 reformidarent,
1178 1458 1398 1557 praeeipuam
1427 1481 1567 1534 anunm
1597 1482 1672 1533 esse
1708 1483 1812 1556 quae·

282 1578 435 1652 rendam.
491 1575 588 1654 Quid
610 1576 730 1674 plura,
755 1575 968 1653 AuditoresP
1016 1577 1108 1650 Fieri
1140 1601 1281 1676 prorsus
1313 1579 1452 1677 nequit,
1488 1588 1530 1653 ιιι
1563 1577 1697 1654 fructus
1725 1579 1813 1652 serat

283 1697 495 1795 ¹theologie,
531 1696 598 1770 nisi
632 1696 738 1770 libere
770 1697 915 1771 exculta.
967 1697 1057 1770 Tum
1095 1699 1259 1787 demum,
1285 1721 1396 1797 quum
1428 1699 1483 1772 sui
1512 1698 1597 1772 iuris
1626 1699 1717 1773 laeta
1739 1709 1812 1786 est,

286 1819 385 1918 quod·
414 1817 460 1893 ad
492 1819 596 1891 finem
629 1825 791 1916 vergente
826 1816 962 1890 saeculo
988 1817 1120 1892 decimo
1146 1826 1265 1892 octavo
1287 1819 1418 1892 lactum
1440 1825 1515 1891 esse
1536 1813 1716 1906 nouimus,
1743 1817 1814 1890 elas

289 1963 369 2012 suas
403 1937 492 2012 laeta
527 1936 720 2034 expandere
746 1936 859 2034 eoepit
883 1945 917 2010 et
943 1937 1063 2010 altiore
1094 1947 1210 2036 petere
1235 1939 1414 2036 lacemque
1447 1961 1624 2012 accensam
1654 1937 1815 2010 eeclesiae

292 2057 496 2131 christianae
518 2055 707 2154 praeferre,
733 2055 803 2129 imo
823 2055 859 2128 in
883 2055 1024 2130 intimos
1044 2057 1196 2131 veritatis
1218 2057 1354 2146 divinae
1373 2083 1528 2132 recessus
1549 2057 1599 2132 ita
1620 2065 1815 2156 penetrare,

289 2185 329 2251 ut
352 2187 441 2250 nova
464 2176 525 2250 lux
547 2175 736 2249 exoriretur
760 2176 901 2250 tandem
927 2175 1123 2274 densaeque
1145 2175 1424 2275 dispergerentur
1448 2177 1638 2251 multorum
1664 2177 1815 2250 saeculo·

291 2319 369 2371 rum
392 2297 563 2370 tenebrae.
614 2295 706 2368 Talis
728 2303 844 2370 nostra
866 2295 1046 2393 disciplina
1069 2303 1139 2382 est,
1166 2304 1206 2369 at
1230 2295 1304 2369 sine
1326 2295 1409 2384 hac,
1435 2299 1506 2395 qut
1530 2296 1632 2370 hodie
1655 2295 1814 2383 fruimur,
1946 2383 1952 2392 .

286 2416 447 2490 libertate
482 2414 593 2487 virere
626 2439 666 2488 ac
698 2415 818 2490 florere
855 2424 1024 2513 nequeat,
1061 2416 1190 2489 nedum
1225 2415 1358 2490 fructus
1392 2415 1499 2504 ferre,
1536 2415 1665 2512 quibus
1707 2415 1816 2512 prosit

290 2535 460 2610 ecclesiae.
511 2535 587 2606 Aut
610 2533 717 2607 libera
737 2534 804 2622 sit,
830 2541 891 2607 aot
914 2559 958 2607 ne
988 2534 1050 2608 sit:
1075 2536 1125 2610 ιιι
1151 2537 1341 2610 rectissime
1373 2545 1454 2611 ante
1485 2535 1575 2609 duos
1607 2535 1678 2608 lere
1708 2557 1817 2608 annos

286 2655 322 2728 in
339 2653 494 2728 oratione
508 2651 663 2726 rectorali
676 2652 807 2750 collega
821 2675 918 2726 meus
934 2655 1109 2751 quondam
1130 2655 1453 2745 Rotcrodemensis,
1474 2679 1568 2729 nunc
1587 2654 1814 2728 Traiectinus.

336 2772 521 2859 Eundem,
554 2772 652 2870 quod
682 2773 808 2860 laetor,
844 2772 949 2846 mihi·
964 2773 1100 2848 habebo
1129 2776 1420 2864 consentientem,
1456 2775 1528 2870 ubi,
1548 2775 1686 2862 dixero,
1722 2774 1817 2846 haud

292 2895 404 2994 magis
441 2913 546 2992 quam
582 2891 717 2966 scholae
748 2891 995 2967 ecclesiasticae
1028 2893 1140 2968 locum
1170 2919 1245 2969 esse
1277 2919 1378 2993 posse
1405 2894 1590 2982 eeclesiae,
1624 2901 1665 2966 ut
1690 2895 1740 2968 ita
1764 2895 1816 2966 di·

295 3039 392 3104 cam,
421 3011 664 3100 scholasticae,
697 3011 720 3085 i.
743 3033 774 3085 e.
801 3012 981 3100 ecclesiae,
1008 3013 1065 3086 cui
1090 3013 1205 3088 schola
1224 3014 1391 3114 imperat,
1416 3015 1503 3090 adeo
1528 3020 1568 3086 ιιι
1592 3019 1666 3087 tota
1687 3021 1818 3110 quanta

290 3159 310 3209 a
341 3134 529 3232 'theologia
557 3131 706 3232 pendeat
732 3142 788 3220 et,
821 3133 946 3207 Proteo
966 3133 1185 3222 mutabilior,
1210 3158 1248 3208 ee
1272 3135 1436 3208 continuo
1461 3132 1652 3207 conformet
1674 3131 1726 3206 ad'
1742 3156 1816 3205 om·

227 3279 234 3284 ··
289 3275 373 3343 nes,
408 3279 496 3352 quas
530 3253 654 3328 subeat
678 3253 888 3328 mutationes
913 3255 1119 3353 Theologia,
1144 3254 1251 3328 libere
1274 3255 1433 3343 exculta,
1458 3252 1718 3352 qualescunque
1741 3259 1817 3324 tan·

290 3375 380 3449 dem.
433 3357 569 3447 Natum
591 3393 655 3446 sua
674 3372 814 3448 firmum
841 3373 927 3472 qnid
951 3399 990 3448 ac
1014 3374 1137 3449 stabile
1157 3382 1211 3448 est
1236 3373 1389 3449 ecclesia.
1442 3371 1562 3447 Talem
1584 3395 1684 3461 vero,
1709 3395 1815 3470 quam

291 3496 382 3582 dixi,
419 3494 517 3567 vobis
547 3493 670 3592 fingite
701 3492 900 3581 ecclesiam,
936 3493 1174 3593 theologorum
1207 3493 1488 3569 altercationibus
1516 3515 1557 3567 ac
1583 3491 1665 3567 rixis
1691 3491 1816 3566 misere

292 3616 533 3701 dilaceratam,
566 3614 659 3687 venti
686 3614 790 3688 veluti
813 3613 955 3688 flatibus
983 3639 1075 3688 nunc
1098 3615 1166 3690 huo
1192 3615 1353 3689 iactatam
1383 3635 1477 3687 nuno
1503 3611 1606 3701 illuo,
1631 3611 1815 3686 labefacta·

292 3743 381 3822 tnm,
407 3733 608 3833 propediem
630 3733 699 3808 lere
722 3733 893 3822 dirutam,
919 3743 979 3808 aut
1003 3735 1096 3809 lenta
1117 3733 1199 3808 tabe
1218 3734 1358 3808 tandem
1375 3732 1593 3808 absumtaml
1634 3731 1813 3829 Cogitate,

294 3877 439 3952 quaeso,
482 3853 612 3950 templa
650 3853 788 3953 publiea
821 3854 858 3927 in
896 3853 1065 3928 auditoria
1099 3853 1307 3928 Academica
1345 3851 1605 3940 transformata,
1644 3849 1815 3922 orationes

293 3999 406 4048 sacras
436 3973 473 4047 in
507 3974 626 4047 doctas
656 3982 692 4047 et
718 3973 863 4048 subtiles
887 3974 1137 4072 disputationes
1163 3973 1384 4074 depravatas,
1409 3972 1485 4070 plor
1509 3969 1577 4044 Dei
1602 3969 1751 4044 cultores
1775 3969 1812 4043 in

293 4095 400 4168 duros
436 4101 472 4167 et
500 4093 638 4192 iniquos
671 4093 802 4168 indices
826 4102 1059 4194 permutatos,
1085 4093 1355 4180 confessionem,
1378 4115 1486 4190 quam
1509 4113 1630 4163 ornnes
1653 4097 1811 4176 teneant,

296 4213 517 4288 christianam
550 4213 586 4286 in
619 4215 815 4313 systematis
849 4215 1032 4314 theologici
1065 4213 1211 4288 sormam
1242 4213 1436 4300 redactam,
1471 4210 1614 4284 miseros
1651 4208 1814 4282 ecclesiae

297 4333 405 4408 socios
440 4333 491 4408 ita
523 4334 687 4408 educatos
718 4343 754 4409 et
782 4335 986 4424 instructos,
1020 4344 1061 4408 ut
1093 4333 1186 4408 docti
1210 4333 1280 4407 sint
1300 4340 1362 4408 aut
1388 4331 1508 4406 saltem
1534 4353 1609 4404 essa
1633 4327 1815 4402 videantur

299 4453 469 4552 theologi,
505 4454 680 4552 illudque:
723 4455 815 4529 nodi
854 4456 1036 4554 profanum
1071 4454 1197 4552 vulgus
1234 4460 1270 4526 et
1301 4451 1444 4539 areeo,’'
1477 4451 1515 4523 in
1551 4449 1709 4524 omnium
1737 4448 1827 4523 orel¹

296 4572 394 4646 Num
425 4573 595 4647 eiusmodi
627 4581 728 4674 torpe
759 4574 845 4674 quid
874 4599 914 4649 ac
941 4574 1094 4649 deforma
1121 4573 1193 4648 veri
1218 4571 1371 4647 nominis
1397 4571 1575 4647 ecclesiam
1603 4569 1749 4659 dixeris,
1779 4579 1815 4643 et

302 4692 479 4766 ecclesiam
506 4694 648 4792 quidem
673 4694 918 4770 christianam?
954 4697 1036 4770 Non
1060 4693 1251 4794 putaverim
1277 4692 1450 4793 equidem.
1501 4693 1576 4766 Nec
1600 4699 1715 4767 tamen
1740 4715 1816 4765 esse

298 4829 388 4911 nego
422 4813 459 4886 in
493 4813 781 4906 Protestantium,
815 4815 878 4914 qai
911 4815 1091 4904 durantur,
1126 4815 1283 4890 coetibus
1308 4812 1485 4902 nonnihil,
1509 4812 1605 4912 quod
1630 4835 1671 4886 eo
1697 4809 1816 4885 tendat

1617 4929 1669 5006 2*
