4926 6180
865 671 1145 740 enarro
1720 677 1761 740 m
1897 628 1901 637 ¹

241 880 375 968 duerit,
408 904 452 954 no
487 880 566 979 quis
596 881 641 954 ad
680 881 756 954 eius
795 879 971 954 tumulum
997 881 1101 955 verba
1131 881 1268 955 laceret.
1319 881 1532 958 Adstitimus
1563 881 1678 970 taciti,
1703 906 1764 979 per

241 1001 358 1098 ipsum
389 1008 505 1074 tamer
538 999 644 1074 funus
676 1022 792 1072 rerum
829 997 1061 1074 humanarum
1096 997 1292 1096 fragilitatis
1325 1025 1505 1077 memores.
1557 1001 1627 1075 Sed
1661 999 1765 1074 hodie

241 1143 355 1196 coram
387 1119 497 1194 Vobis
541 1117 639 1192 silere
682 1118 778 1192 nefas
823 1118 888 1210 sit,
931 1126 1098 1216 quantam
1146 1117 1213 1191 sibi
1260 1120 1409 1194 nominis
1455 1121 1584 1196 famam
1628 1119 1763 1194 iuvenis

242 1265 283 1316 eo
322 1241 390 1314 iam
431 1247 585 1338 tempore
617 1238 882 1338 comparaverit,
925 1263 1015 1336 quo,
1051 1261 1093 1312 ex
1127 1237 1307 1332 Athenaeo
1342 1239 1582 1314 Daventriensi
1614 1241 1762 1328 advena,

242 1360 279 1434 in
315 1359 502 1434 Academia
536 1348 867 1434 Rheno-Traiectina
905 1383 966 1455 per
1003 1358 1157 1456 quinque
1191 1383 1301 1432 annos
1339 1358 1629 1457 iurisprudentiao
1667 1360 1764 1434 daret

242 1503 381 1578 operam
421 1503 589 1576 suamque
633 1479 733 1554 factis
767 1477 926 1577 probaret
967 1477 1187 1552 sedulitatem
1223 1477 1293 1551 iere
1330 1479 1577 1554 incredibilem.
1628 1481 1764 1578 Nempe

245 1598 359 1672 terei
390 1598 536 1696 contigit
571 1623 591 1673 e
624 1598 811 1672 certamine
843 1597 991 1670 literario
1027 1596 1133 1670 victor
1167 1599 1320 1696 prodire,
1356 1599 1507 1696 primum
1540 1598 1688 1674 Traiecti
1720 1600 1765 1673 ad

245 1719 428 1806 Rhenum,
459 1727 535 1792 tum
560 1717 778 1818 Groningae,
807 1717 957 1815 denique
984 1715 1038 1789 hic
1065 1716 1203 1792 leidae.
1254 1717 1450 1815 Respondit
1476 1718 1521 1792 ad
1548 1718 1767 1815 quaestiones

244 1841 287 1912 de
316 1839 394 1912 alea
416 1846 451 1912 et
472 1839 694 1926 aleatoribus,
720 1840 762 1911 de
774 1842 851 1934 fine
867 1839 990 1933 poenis
1008 1839 1181 1932 proposito
1203 1837 1239 1909 et
1263 1839 1305 1910 de
1329 1839 1465 1911 indiciae
1489 1839 1633 1925 iuratis,
1658 1845 1694 1911 ot
1718 1837 1767 1910 ita

244 1957 440 2054 respondit,
468 1965 526 2044 ut,
552 1981 571 2029 e
596 1957 765 2054 cuiusque
791 1957 921 2029 ordinis
946 1955 1135 2043 sententia,
1161 1980 1275 2030 rerum
1298 1956 1417 2054 copia,
1443 1956 1563 2030 iudicii
1587 1957 1766 2043 acumine,

245 2076 485 2152 elaborationis
518 2077 634 2150 studio
668 2087 703 2150 et
729 2076 879 2150 dictione
904 2075 992 2150 bene
1020 2075 1127 2149 latina
1154 2085 1284 2149 ceteros
1308 2075 1407 2150 facile
1428 2100 1608 2174 superasse
1637 2076 1767 2150 iudica·

245 2206 349 2271 retur.
401 2195 508 2275 Quod
534 2221 605 2295 quo
628 2197 736 2271 maior
757 2205 832 2270 erat
855 2195 1125 2270 concertantium
1154 2219 1320 2270 numerus
1343 2204 1378 2269 et
1403 2221 1473 2294 quo
1498 2222 1535 2270 sa
1560 2197 1768 2271 laudabilius

245 2325 443 2414 gesserant,
478 2339 518 2389 eo
554 2316 628 2388 inre
661 2315 855 2390 habebatur
887 2315 1178 2390 honorificentius.
1221 2313 1400 2388 ¹Dubitare
1437 2340 1473 2389 se
1506 2317 1644 2390 aiebant
1672 2327 1767 2390 ante·

246 2459 396 2509 cessores
420 2433 657 2532 Groningeni,
683 2446 801 2508 utrum
830 2437 961 2508 auctori
988 2435 1095 2510 maior
1117 2459 1138 2508 a
1164 2435 1398 2534 disputatione
1421 2435 1559 2534 egregie
1577 2436 1770 2533 conscripta

245 2578 289 2628 an
313 2578 391 2628 vero
411 2552 455 2626 ab
486 2553 663 2640 examino,
688 2578 769 2628 cum
791 2577 832 2626 eo
856 2553 1036 2641 instituto,
1063 2555 1138 2628 lans
1161 2563 1253 2628 esset
1277 2556 1482 2643 tribuenda,
1509 2542 1660 2653 eumque
1684 2580 1768 2652 qua-

245 2681 323 2746 tuor
359 2670 663 2770 competitoribus,
698 2671 789 2745 inter
822 2697 908 2769 quos
934 2674 1005 2746 duo
1029 2683 1145 2760 erant,
1172 2673 1301 2771 quibus
1333 2674 1525 2772 praemium
1552 2682 1669 2774 posset
1696 2700 1769 2747 ero·

246 2792 337 2891 gari,
374 2791 537 2890 praetulit
569 2791 665 2864 Ordo
698 2789 878 2864 Leidensis
910 2791 956 2864 ob
992 2791 1111 2866 indicii
1144 2793 1255 2890 magis
1288 2795 1416 2866 firmati
1447 2794 1596 2892 vigorem
1636 2801 1671 2866 et
1701 2794 1771 2866 stili

249 2912 360 3010 magis
387 2911 563 2986 exercitati
589 2911 747 2985 colorem.
800 2911 1016 3009 Tergeminis
1040 2911 1132 2984 hisce
1163 2911 1350 2984 honoribus
1375 2920 1500 2985 auctus
1521 2921 1557 2986 et
1577 2913 1622 2986 ab
1645 2914 1770 2987 exteris

250 3057 388 3130 quoque
416 3031 597 3118 laudatus,
629 3054 720 3104 anno
753 3029 859 3128 huius
889 3029 1016 3104 saeculi
1037 3029 1198 3104 vicesimo
1221 3029 1332 3127 primo
1355 3029 1503 3128 gradum
1526 3031 1709 3128 capessivit
1734 3031 1770 3104 in

250 3161 396 3250 utroque
432 3153 513 3224 Iure
549 3151 776 3238 doctoralem,
812 3149 950 3249 publice
986 3149 1126 3224 defensa
1165 3149 1399 3247 disputatione
1429 3152 1472 3224 de
1501 3158 1697 3250 orpumento
1728 3177 1771 3224 ea

249 3274 408 3368 onalopia
441 3274 576 3370 eiusque
609 3298 632 3344 a
664 3272 750 3369 lepis
774 3272 1055 3368 interpretatione
1076 3272 1282 3365 differentia.
1333 3271 1375 3343 In
1398 3269 1498 3344 ouius
1527 3269 1771 3368 disputationis

251 3390 390 3464 exordio
424 3389 567 3464 Rhoerii
598 3389 732 3464 obitum
769 3389 867 3488 luget
905 3399 960 3478 et,
996 3370 1130 3488 praeter
1165 3390 1278 3478 hunc,
1317 3389 1544 3463 Arntaenium
1577 3389 1696 3464 laudat
1736 3401 1771 3464 et

250 3509 476 3606 Brueyssium
510 3517 745 3607 praeceptores
782 3509 913 3607 optime
944 3509 988 3582 de
1023 3533 1059 3582 se
1086 3509 1236 3584 meritos.
1287 3507 1395 3584 Hunc
1417 3518 1535 3584 autem
1562 3511 1667 3584 tantis
1692 3509 1772 3582 viris

251 3629 493 3727 dignissimum
532 3629 739 3728 discipulum
775 3629 901 3702 mirum
936 3652 1018 3704 sane
1053 3653 1122 3702 non
1156 3637 1230 3716 est,
1264 3629 1436 3704 Athenaei
1469 3630 1506 3702 in
1543 3629 1629 3702 urhe
1663 3631 1773 3727 patria

252 3749 436 3824 Curatores
473 3749 543 3822 sibi
568 3749 686 3823 stadm
711 3748 921 3836 vindicasse,
955 3743 1105 3824 abeunte
1127 3748 1342 3846 Groningam
1367 3748 1499 3822 Holtio.
1550 3749 1711 3822 Delatam
1735 3749 1771 3822 in

253 3895 290 3944 aa
324 3868 532 3968 provinciam
561 3893 652 3942 anno
677 3869 836 3967 sequenti
863 3868 1014 3966 suscepit
1041 3868 1136 3942 (look
1163 3867 1283 3942 habita
1304 3868 1457 3943 oratione
1481 3870 1523 3941 de
1540 3869 1772 3965 philosophico

253 3991 538 4086 iura'sprudentiae
569 3991 680 4064 studio
709 3987 745 4063 it
771 3992 820 4064 od
834 3993 989 4084 fructum
1018 3991 1185 4063 admeto
1213 3987 1248 4062 et
1272 3991 1322 4062 ad
1340 3989 1541 4084 voluptatem
1562 3989 1769 4060 auamaimo.

254 4109 328 4182 Neo
352 4131 514 4207 magnam
541 4109 615 4195 sui,
641 4133 745 4206 quam
770 4117 941 4196 moverat,
966 4108 1257 4206 exspectationem
1280 4107 1401 4180 lesellit
1424 4106 1474 4178 vir
1497 4105 1664 4179 eruditus.
1703 4104 1770 4178 Via

258 4230 370 4302 tribus
404 4227 504 4302 annis
537 4228 798 4326 praeterlapsis,
833 4251 929 4315 eece,
965 4226 1059 4300 diem
1083 4225 1158 4299 obit
1184 4248 1341 4298 summus
1367 4223 1586 4322 Kamparus,
1610 4223 1647 4296 in
1673 4223 1772 4296 cuius

258 4349 372 4423 locum
405 4347 474 4422 huc
504 4356 652 4422 vocatur.
704 4347 783 4422 Hoc
814 4347 890 4445 ipso
926 4345 1058 4422 solenni
1087 4345 1165 4432 die,
1196 4367 1301 4442 quem
1327 4343 1483 4442 agimus,
1515 4367 1644 4429 munus
1669 4366 1771 4416 suurn

259 4469 457 4566 auspicatus
485 4477 537 4542 est
561 4468 706 4542 dicendo
731 4471 774 4542 de
801 4470 888 4542 iuria
903 4467 1036 4564 pattici
1059 4467 1260 4540 aniversalis
1283 4465 1394 4538 studio
1418 4465 1468 4536 ad
1488 4465 1638 4538 civitatee
1655 4489 1773 4560 pacem

261 4591 428 4687 otiumque
440 4590 722 4684 fmtuomasimo.

305 4707 454 4780 Munere
499 4715 616 4780 autem
662 4705 864 4805 gravissimo
904 4703 1078 4802 quomodo
1113 4701 1253 4776 functus
1288 4701 1335 4775 sit
1374 4709 1410 4776 et
1449 4701 1535 4801 qnid
1575 4702 1670 4800 apud
1707 4727 1771 4777 nos

260 4827 478 4924 potissimum
511 4826 640 4925 egerit,
674 4849 743 4900 non
771 4850 860 4926 opus
889 4833 959 4914 est,
994 4832 1034 4898 ut
1059 4822 1168 4898 Vobis
1204 4821 1393 4898 scientibus
1428 4844 1594 4898 ananam.
1661 4823 1776 4896 Nemo

1582 4945 1608 5015 t
