4926 6180
713 677 758 741 22
1296 673 1321 738 Ι.
1372 672 1654 738 trum

713 883 838 970 Iesu,'’
867 881 907 955 iu·
940 905 1041 962 usum
1070 879 1261 955 iuventutis
1293 879 1478 953 liberaliter
1510 878 1759 976 conscriptam,
1786 880 2012 978 vulgariaset,
2037 889 2185 980 reperta·
2202 883 2239 962 iu

713 1001 901 1076 multorum
933 1001 1076 1074 incurrit
1112 998 1429 1098 reprehensionem,
1456 999 1726 1084 clamitantium,
1752 998 1787 1072 in
1818 997 1877 1072 illc
1904 1001 1991 1074 libro
2017 1000 2236 1078 Schrantiuur

712 1126 814 1199 fidem
841 1123 1042 1198 catholicam
1070 1147 1137 1196 non
1166 1123 1249 1196 satis
1274 1121 1420 1196 fideliter
1450 1146 1511 1219 per
1541 1121 1658 1194 omnia
1687 1143 1847 1194 servasse.
1901 1122 1931 1192 A
1965 1143 2034 1218 qua
2066 1121 2238 1196 calumnia

710 1245 840 1320 librum·
862 1253 897 1316 et
922 1245 997 1342 ipse
1020 1244 1152 1318 lortiter
1175 1242 1376 1330 vindicavit,
1400 1253 1439 1314 at
1463 1265 1542 1315 verc
1563 1241 1668 1315 etiam
1691 1249 1890 1339 praeceptor
1912 1239 2052 1316 Iuexiua
2102 1241 2168 1314 ver
2190 1243 2237 1316 sic

711 1372 824 1438 tamen
850 1362 895 1436 ab
915 1387 956 1437 eo
977 1363 1058 1436 iude
1083 1371 1236 1460 tempore
1260 1361 1460 1434 clericorum
1483 1360 1519 1432 in
1542 1385 1578 1433 aa
1599 1360 1679 1432 odia
1707 1359 1756 1435 ita
1787 1370 1951 1458 expertus
1979 1369 2052 1448 eet,
2078 1369 2118 1434 ut
2140 1363 2236 1436 valde

710 1484 857 1557 dubium
887 1483 1073 1571 videretur,
1098 1507 1142 1556 an
1164 1483 1200 1554 iu
1225 1481 1336 1557 atadin
1358 1481 1765 1578 ecclesiastioounquam
1796 1481 1840 1554 ad
1863 1481 1983 1554 altiora
2010 1491 2235 1579 perventurus

710 1613 812 1678 esset.
849 1603 1005 1676 Mittitur
1025 1627 1116 1677 anno
1138 1601 1242 1676 huius
1257 1601 1384 1676 saeculi
1405 1601 1539 1674 decimo
1561 1600 1672 1698 primo
1693 1599 1955 1674 Amstelcdaare
1977 1601 2235 1680 ianllandiae

711 1723 985 1820 septentrionalis
1005 1745 1134 1820 pagum
1156 1720 1432 1818 Bovenlrarspel,
1452 1717 1558 1818 pro‘pc
1581 1719 1797 1806 Euchuaam,
1821 1719 1882 1793 ubi
1903 1721 2048 1818 pastoris
2072 1723 2234 1796 rusbcsni

709 1849 823 1940 partes
852 1841 998 1939 expleat.
1050 1841 1185 1913 invitus
1216 1831 1442 1936 obtemperat.
1493 1839 1662 1937 ingenuis
1699 1863 1776 1911 vero
1811 1839 1966 1912 ruricolis
2000 1839 2094 1912 haud
2119 1841 2232 1914 minus

707 1961 821 2060 placet
842 1961 893 2034 vir
915 1961 1075 2060 egregius
1106 1968 1210 2057 etque
1235 1959 1323 2032 bene
1355 1958 1457 2031 cultis
1484 1959 1656 2056 placuerat
1681 1959 1818 2032 civibus
1841 1958 2230 2035 Amstelcdaarensibus.

709 2083 777 2155 Sed
808 2082 905 2155 aliud
932 2105 1012 2156 mox
1041 2081 1201 2154 imminet
1223 2079 1425 2178 periculum.
1478 2081 1592 2178 Roget
1622 2079 1875 2155 Beukmarruus
1904 2079 2169 2166 officiocissime,
2195 2088 2232 2152 ut
2295 2103 2299 2112 ·

706 2202 754 2276 ad
781 2225 817 2274 se
850 2201 963 2280 veniat
997 2200 1217 2286 Sohrantius,
1251 2200 1308 2272 die
1332 2201 1482 2298 quodam
1516 2200 1604 2272 leste
1638 2224 1699 2297 pro
1732 2199 1893 2278 concione
1930 2199 2033 2273 verba
2069 2198 2229 2275 lwturua.

705 2320 829 2408 Venit,
867 2321 954 2394 aihil
989 2329 1148 2393 metuens
1174 2321 1371 2418 nulliusque
1403 2319 1469 2394 sibi
1502 2321 1623 2418 culpae
1651 2319 1818 2393 conscius.
1851 2320 2110 2417 -llixinaproviao
2137 2344 2229 2406 varo,

704 2449 784 2515 ante
810 2441 964 2514 habitam
989 2441 1199 2527 orationem,
1226 2441 1292 2514 sub
1316 2448 1498 2540 praetextu
1521 2441 1637 2539 aliquo
1662 2465 1681 2512 e
1709 2441 1855 2538 pastoris
1880 2441 1983 2514 domo
2007 2439 2228 2529 subducitur,

706 2561 743 2637 iu
770 2585 938 2636 carcerem
965 2561 1146 2634 coniicitur
1170 2559 1290 2658 ibique
1314 2559 1434 2659 procul
1455 2585 1476 2633 a
1500 2559 1716 2658 perentibus,
1752 2559 1974 2658 propinquis,
2007 2559 2146 2646 amicis,
2171 2583 2230 2657 per

701 2680 856 2758 triduum
882 2681 1067 2760 detinetur.
1118 2679 1297 2778 Cogitate,
1335 2704 1482 2778 quaese,
1520 2703 1629 2779 quum
1664 2679 1715 2751 in·
1733 2679 1885 2753 adamati
1899 2678 2092 2753 *Schrantii
2117 2679 2229 2752 locum

701 2799 951 2876 Beulrmanuns
989 2801 1141 2900 prodiret
1174 2825 1385 2898 causamque
1420 2823 1489 2873 non
1527 2799 1601 2876 aine
1638 2797 1799 2897 lacrymis.
1835 2807 2037 2898 exponeret,
2081 2808 2230 2897 quantus

700 2919 804 2992 fuerit
828 2931 1056 3020 congregatae
1081 2921 1256 2996 concionis
1282 2927 1461 3018 stuperet
1485 2918 1694 3017 indignatiol
1746 2917 2001 2992 Domiua'batur
2028 2927 2144 2992 amem
2171 2917 2227 2992 ilb

695 3061 851 3135 tempore
873 3038 908 3111 in
930 3039 1041 3136 patrie
1063 3048 1180 3114 nostra
1201 3039 1411 3139 suspiciosus
1434 3040 1613 3136 Napoleon
1638 3041 1674 3126 I,
1702 3041 1796 3138 apud
1825 3065 1930 3137 quem
1954 3049 2070 3113 noster
2095 3039 2227 3113 delatus

698 3169 788 3244 erat,
816 3159 946 3256 quippe
964 3167 1083 3232 auctor
1107 3159 1213 3232 libelli
1238 3159 1438 3246 cniusdam,
1464 3168 1583 3233 contra
1606 3159 1798 3236 libertatem
1827 3159 1989 3234 ecclesiae
2011 3159 2223 3246 Gallicanae,

679 3287 737 3360 ,et
760 3277 965 3375 putabatur,
993 3279 1083 3352 male
1105 3280 1298 3378 conscripti.
1338 3281 1391 3353 Re
1415 3279 1539 3353 melius
1561 3281 1717 3378 cognita,
1743 3281 1910 3358 continuo
1935 3279 2114 3379 apparuit,
2140 3277 2224 3353 nihil

697 3398 870 3471 eiusmodi
888 3398 947 3471 illo
974 3398 1092 3472 libello
1111 3401 1288 3472 contineri.
1339 3399 1539 3472 Dimittitar
1570 3423 1653 3497 ergo
1686 3400 1852 3473 innocens
1882 3408 1918 3472 et
1941 3398 1987 3472 ed
2015 3423 2095 3472 suos
2116 3397 2223 3484 redit,

694 3541 773 3591 mor
802 3527 921 3591 tamen
951 3541 1020 3591 nen
1054 3519 1119 3592 levi
1154 3521 1274 3600 morbo
1306 3529 1500 3618 correptus,
1534 3545 1553 3592 e
1586 3520 1692 3596 tridui
1723 3519 1896 3594 anxietate
1924 3527 2009 3594 orta
2061 3519 2136 3592 Iam
2164 3541 2225 3615 per

581 3651 585 3662 ·
697 3638 800 3725 haec,
827 3663 934 3736 quam
954 3663 1065 3736 aeqno
1089 3643 1204 3713 enimc
1224 3638 1370 3728 tulerat,
1396 3641 1639 3714 contumeliam
1662 3641 1818 3714 acerbam
1840 3648 1960 3738 postea
1981 3637 2116 3710 videtur
2134 3637 2223 3735 Regi

695 3759 882 3832 eciralmo
916 3761 933 3831 l
969 3759 1164 3832 innotuisse
1194 3769 1229 3833 et
1266 3785 1473 3859 magnopere
1506 3760 1770 3834 commendatus
1802 3760 1920 3836 luisse.
1971 3759 2052 3832 Non
2085 3766 2219 3832 tantum

694 3879 804 3964 enim,
837 3881 906 3951 lllo
937 3878 1121 3952 honorilice
1155 3887 1316 3978 rogante,
1353 3903 1444 3952 anno
1478 3879 1583 3952 huius
1617 3879 1744 3952 saeculi
1772 3877 1910 3952 decimo
1934 3885 2057 3976 quarto
2085 3875 2221 3975 publice

692 3996 819 4094 prodiit
840 3995 965 4096 Hagae
986 3999 1151 4088 Comitis,
1177 4001 1290 4098 Papae
1316 3999 1370 4072 Pii
1393 3997 1484 4086 Vll,
1510 4023 1531 4072 e
1555 3999 1754 4096 captivitate
1778 4022 1843 4072 sua
1865 3997 2018 4086 dimissi,
2045 3996 2218 4070 solennem

692 4116 842 4190 reditum
870 4117 905 4190 in
931 4117 1130 4200 cathedram
1157 4119 1349 4194 Romanam
1385 4119 1539 4192 oratione
1571 4143 1666 4192 sacra
1698 4118 1950 4205 celebraturus;
1988 4116 2048 4190 ced
2072 4125 2108 4190 et
2131 4117 2219 4190 inter

694 4236 823 4333 primos
846 4237 931 4326 luit,
957 4239 1018 4336 qni
1049 4263 1147 4313 auno
1171 4239 1306 4314 decium
1331 4249 1429 4312 sexto
1452 4239 1582 4313 ordinis
1612 4238 1739 4312 leonis
1771 4237 1991 4316 Neerleudioi
2022 4236 2218 4334 insignibus

692 4365 903 4430 onerentur.
955 4357 1026 4431 oar
1047 4359 1188 4458 egregio
1214 4357 1333 4431 honori
1356 4381 1436 4430 moa
1463 4356 1625 4434 maiorem
1647 4356 1746 4430 addit
1766 4357 1843 4428 Rea
1866 4355 2063 4432 benevolus.
2113 4355 2216 4428 Anne

690 4473 785 4547 enim
816 4478 975 4572 sequenti
999 4487 1173 4575 pastorem*
1207 4478 1373 4564 ruralem,
1408 4477 1494 4550 nihil
1528 4475 1697 4550 eiusmodi
1728 4475 1927 4574 οριιιιιὶιιιι
1961 4501 2094 4574 suaque
2127 4484 2215 4548 sorte

661 4602 908 4698 -conlentumj,
934 4595 969 4668 in
994 4595 1193 4670 cathedram
1220 4606 1317 4670 rccat
1347 4595 1629 4685 candaveeeem,
1664 4619 1684 4668 e
1713 4619 1784 4691 qua
1819 4593 1995 4669 historiam
2031 4593 2214 4691 literaeque

687 4714 816 4812 patrias
838 4713 977 4812 publice
999 4715 1130 4790 doceat.
1180 4715 1303 4794 Quid?
1327 4715 1422 4813 qnod
1449 4713 1657 4813 repugnanti
1679 4713 1861 4788 Schraatic
1882 4713 2094 4787 voluntatem
2117 4737 2214 4786 suam

690 4832 743 4907 ita
771 4833 991 4932 significavit,
1017 4844 1058 4909 ut
1081 4835 1167 4909 huie·
1191 4859 1324 4910 munus·
1342 4835 1429 4908 illud
1453 4835 1697 4922 honorificum,
1724 4843 1760 4908 at
1782 4833 2026 4932 graviasimum
2052 4831 2214 4931 altaeque
