4926 6180
886 642 1165 712 onlrro.
1743 648 1788 717 W

265 881 378 934 unum
404 853 545 954 iniquit
569 851 705 941 filium,
736 851 848 930 virum
870 807 1186 942 consultissimam,
1212 851 1399 951 pluresque
1419 871 1566 930 numam
1588 850 1697 941 filias,
1721 853 1786 931 Pa·

267 983 358 1054 bem
379 974 600 1052 murnum
620 973 794 1072 lugentes.

536 1093 590 1170 stt
614 1093 648 1168 si
671 1099 762 1168 terra
786 1091 889 1180 levis,
913 1097 949 1168 et
975 1089 1122 1168 molliter
1145 1114 1223 1168 osse
1246 1089 1469 1174 recumbenti

312 1333 468 1410 Duabus
497 1331 591 1408 bisce
619 1330 764 1430 collegis
784 1331 932 1408 mortuis
951 1331 985 1408 d.
1011 1333 1058 1406 29
1082 1354 1129 1406 m.
1152 1328 1315 1404 Octobris
1341 1323 1491 1419 tertius„
1511 1330 1623 1406 ehaul·
1644 1330 1787 1406 emersit

264 1455 402 1530 Gidmn
429 1455 536 1530 lanas
562 1451 735 1539 Vardem,
761 1476 871 1550 quum
895 1474 1027 1526 annum
1048 1450 1172 1526 aetatis
1194 1457 1312 1549 egeret
1337 1449 1590 1550 sermesimum
1612 1461 1787 1548 quartum

264 1575 350 1650 llrat
381 1575 438 1648 vir·
460 1573 519 1650 ᾗ
553 1571 714 1672 egregius
739 1571 861 1646 animo·
879 1596 984 1671 quern
1010 1587 1151 1669 corpore
1173 1570 1284 1646 multo
1305 1571 1504 1658 robustior,
1524 1579 1560 1644 et
1580 1571 1729 1668 quadrat
1753 1570 1788 1644 in

262 1718 367 1782 eum,
400 1692 499 1792 quaed
529 1698 583 1766 est
611 1692 652 1768 in
679 1691 877 1790 proverbio:
921 1690 1031 1766 ullliis
1054 1691 1201 1766 lucendo
1226 1690 1303 1789 ipse
1324 1692 1450 1768 terar.''
1486 1689 1558 1764 Diu
1577 1690 1647 1764 mm
1674 1699 1789 1764 metus

263 1838 329 1888 nos
361 1813 574 1899 lascesseret,¹
606 1819 648 1888 ut
677 1811 723 1886 ad
757 1825 931 1888 mammam
962 1811 1154 1910 perveniret
1182 1810 1424 1909 placidamque
1450 1817 1674 1884 senectutem.
1724 1807 1789 1882 llle

263 1933 384 2020 euim,
417 1931 476 2006 ria
495 1929 722 2006 redeuntibus
746 1931 872 2006 morbo
893 1931 1086 2006 identidem
1112 1930 1300 2004 attenuatis
1328 1928 1478 2016 viribus,
1506 1929 1553 2003 ad
1579 1927 1695 2004 studia
1716 1936 1787 2002 ste,

264 2053 329 2126 ιὶιιι
365 2051 476 2126 redire
508 2051 688 2159 rebusque
714 2051 787 2126 suis
821 2050 1030 2150 peragendis
1061 2059 1133 2125 tom
1161 2057 1337 2124 strenuum
1360 2057 1398 2122 et
1418 2047 1627 2124 indefessam
1647 2072 1786 2147 operam

262 2170 396 2246 solebat
429 2169 649 2270 impendere,
683 2179 724 2244 ut
754 2171 793 2245 in
825 2171 1001 2270 integrum
1035 2169 1172 2246 restitui
1196 2194 1266 2244 nnn
1295 2175 1415 2268 posset
1436 2167 1608 2244 valetudo.
1660 2165 1789 2240 Incidit

262 2291 404 2366 tandem
438 2291 476 2364 in
511 2315 651 2390 pravam
682 2291 798 2365 denuo
831 2289 1012 2379 morbum,
1039 2291 1101 2389 qui
1122 2289 1342 2388 irreparabile
1364 2288 1466 2364 nobis
1488 2287 1657 2364 damnum
1678 2287 1787 2362 mine·
1905 2279 1908 2288 ⁷

263 2421 368 2486 retur.
419 2410 507 2508 Spes
536 2410 652 2507 abque
678 2409 881 2498 effulserat,¹
900 2435 971 2508 quo
986 2393 1148 2510 ¹tempore
1171 2411 1330 2484 decessor
1354 2433 1453 2484 meua
1474 2407 1789 2484 aestumatissimus

260 2531 470 2629 magistratu
505 2527 637 2616 abiret,
666 2529 840 2627 optimum
865 2530 984 2610 ,virum
1015 2530 1097 2604 inde
1128 2531 1259 2605 iterum
1282 2537 1474 2605 recreatum
1498 2529 1551 2604 iri.
1603 2528 1675 2602 Sed
1700 2527 1788 2602 hano

261 2673 360 2749 spem
384 2647 507 2722 fefellit
531 2655 688 2721 aventus
737 2649 869 2722 Noenit
890 2649 924 2722 ei
948 2650 1059 2748 magis
1079 2674 1184 2748 quam
1207 2649 1336 2748 pmirrit
1358 2649 1447 2724 anni
1466 2647 1651 2748 superioris
1675 2657 1787 2722 aestas

261 2767 421 2864 turbida,
456 2791 565 2866 ᾳιιιιιι
593 2765 774 2852 Harlemi,
811 2775 852 2840 nt
888 2768 1040 2858 solebat,
1074 2769 1261 2868 transegit,
1293 2776 1330 2843 et
1358 2769 1407 2843 sd
1433 2793 1500 2842 nos
1525 2768 1575 2842 ite
1602 2766 1722 2853 rediit,
1749 2776 1788 2840 ut

261 2913 331 2963 non
363 2911 428 2986 pro
462 2894 541 2960 roto
575 2885 784 2960 motionibus
820 2887 913 2975 suia,
949 2887 1011 2962 sed
1042 2889 1263 2986 paucioribus
1298 2895 1442 2970 mutum.
1459 2897 1496 2961 et
1517 2885 1786 2986 provectioribus

261 3007 439 3107 discipulis
472 3005 657 3082 edocendis
690 3029 942 3106 nonnunquam
978 3032 1096 3083 vacare
1134 3014 1261 3110 posset
1320 3007 1371 3079 At
1396 3006 1526 3081 vacarit
1552 3014 1691 3094 umen,
1717 3029 1787 3102 qus

260 3137 334 3204 erat
364 3127 559 3202 studiorum
585 3127 796 3203 adsiduitate
822 3128 1000 3226 animique
1026 3128 1239 3216 mactantis,
1268 3126 1386 3202 donec·
1403 3125 1545 3200 modam
1575 3124 1668 3199 birca
1691 3125 1785 3198 labo·

259 3247 357 3322 ribus
390 3246 503 3344 imper
540 3271 665 3346 corpus
695 3244 914 3345 iungeretur
944 3245 1071 3345 pieque
1100 3247 1218 3320 anima
1245 3246 1293 3320 ad
1319 3271 1396 3322 oras
1429 3245 1578 3320 evolaret
1598 3244 1784 3332 mennas,

259 3389 427 3466 mgnum
460 3367 516 3440 soi
551 3366 671 3440 bisin
705 3365 804 3440 terris
833 3365 1042 3440 desiderium
1070 3366 1287 3464 relinquens.⁴
1330 3367 1414 3440 Erat
1437 3365 1535 3440 enim
1555 3373 1672 3439 noster
1697 3363 1784 3437 Ver·

258 3486 341 3560 dam
369 3487 405 3560 in
439 3485 560 3586 paucis
582 3485 733 3560 eximius
754 3486 874 3560 doctor
899 3486 1135 3574 academicus,
1166 3509 1272 3585 quem
1295 3485 1460 3560 omnibus
1483 3484 1670 3584 aliquando
1696 3484 1783 3558 Kai-

258 3631 355 3680 serus
395 3605 432 3680 in
469 3605 534 3681 boc
566 3605 643 3704 ipso
675 3605 847 3680 auditorio
879 3606 1076 3704 exemplum
1113 3606 1292 3704 proposuit
1332 3606 1530 3705 diligentiae
1564 3613 1600 3679 et
1641 3613 1782 3679 strenue

256 3726 386 3824 peracti
408 3725 520 3802 officii.
708 3725 710 3730 ’

305 3845 338 3919 Α
365 3869 423 3920 me
447 3867 517 3920 non
543 3844 768 3944 exspectatio,
795 3843 982 3918 Auditores
1002 3843 1259 3919 humanissimi!
1285 3844 1428 3920 uttanti
1447 3843 1510 3919 viri
1529 3843 1650 3917 merite
1671 3842 1780 3942 digna

258 3964 438 4063 praeconio
473 3964 653 4040 celebrem.
705 3963 878 4061 Apparuit
912 3963 948 4036 in
986 3985 1046 4050 eo,
1080 3963 1166 4062 quid
1189 3965 1299 4038 valeat
1320 3965 1436 4039 nativa
1460 3963 1510 4037 ris
1534 3962 1685 4062 ingenii,
1710 3963 1775 4036 im·

256 4083 514 4182 praeoptare
546 4091 712 4183 promota.
763 4083 793 4155 li
823 4107 912 4181 pago
949 4081 1136 4180 Mijdreobt
1171 4083 1360 4172 oriundus,
1393 4093 1490 4183 patre
1519 4083 1684 4170 bonerto,
1714 4083 1776 4180 qui

162 4211 165 4216 '
256 4202 380 4276 notarii
407 4202 539 4302 publici
563 4227 706 4277 munere
728 4201 958 4301 fungebatur,
985 4202 1089 4276 buius
1113 4203 1225 4277 noluit
1245 4205 1403 4278 insistere
1426 4201 1611 4301 vestigiis,·
1624 4201 1707 4288 sed,
1734 4225 1779 4274 en

257 4321 313 4399 ris
345 4321 534 4420 probante,
568 4321 710 4396 militiae
742 4322 950 4397 factitandae
986 4346 1023 4396 se
1056 4323 1131 4420 ipse
1165 4323 1371 4410 destinavit,
1407 4329 1443 4396 at
1473 4322 1524 4396 illi
1552 4321 1777 4420 potissimum

258 4440 420 4516 mensae
451 4441 617 4516 militaris·
632 4441 743 4538 perti,
768 4466 858 4539 qnae
883 4441 919 4514 in
944 4449 1134 4516 castrorum
1160 4443 1352 4517 munitione
1374 4448 1537 4516 versatur.
1589 4440 1668 4516 Hoc
1692 4467 1772 4516 con-

259 4559 336 4632 silio
352 4559 507 4658 Delphos
524 4561 733 4634 Batavorum
755 4583 792 4632 se
813 4559 960 4634 contulit
979 4559 1195 4648 adolescens,
1220 4569 1261 4634 ut
1279 4561 1405 4638 deinde
1420 4559 1617 4635 interillius
1630 4562 1774 4635 militiae

257 4678 416 4753 alumnos
453 4678 704 4755 admitteretur.
755 4681 837 4757 Quo
874 4703 953 4754 vero
988 4687 1141 4779 tempore
1170 4679 1241 4769 ibi,
1276 4681 1364 4757 duca
1392 4665 1526 4756 'lambo
1550 4681 1595 4754 de
1621 4682 1772 4770 (laidet,

256 4797 372 4874 studia
402 4799 550 4898 coleret,
582 4798 711 4898 quibus
741 4799 806 4874 rite
829 4800 1023 4901 praeparari
1047 4809 1180 4900 posset,
1213 4809 1432 4902 praeceptore
1454 4800 1677 4876 dilectissimo
1705 4801 1775 4876 lruo

1552 4919 1605 4993 4·
