4926 6180
865 654 1143 723 ORATIO.
1731 652 1773 719 23

238 871 447 972 permolestae
473 869 636 966 plenum,
660 867 849 942 detrectare
875 889 943 938 nun
972 863 1098 940 lioeret.
1136 864 1219 938 Erat
1240 888 1327 938 *osne
1349 861 1499 960 aliquid,
1525 860 1593 934 itte
1614 869 1768 960 tempore
1843 881 1846 886 ·

238 993 396 1090 linguam
418 987 681 1062 Neerlaudiosm
704 1012 745 1058 ex
771 983 894 1058 humili
915 985 1007 1070 loeo,
1032 1008 1102 1081 quo
1135 983 1197 1056 diu
1221 985 1257 1078 in‘
1286 982 1408 1081 Belgio
1438 980 1572 1054 abieoto
1596 977 1767 1069 insuerat,

239 1110 358 1186 efferre
379 1108 567 1206 Belgisque
603 1105 835 1180 renitentibus
866 1103 1116 1178 commendere.
1169 1104 1243 1176 Neo
1276 1102 1484 1176 contendam
1513 1101 1695 1200 equidem,
1731 1102 1767 1175 in

240 1232 305 1304 hoe
338 1227 533 1328 peragendo
565 1225 708 1300 ennodio
741 1223 853 1296 virum
887 1223 1058 1321 optimum
1093 1220 1187 1319 apud
1216 1243 1338 1294 omnes
1369 1221 1452 1294 satia
1484 1220 1574 1294 felici
1607 1237 1769 1295 successu

240 1351 347 1428 luisse
373 1369 487 1422 osona.
539 1346 608 1418 Sed
633 1345 774 1418 fuerunt
805 1353 921 1418 tamen
944 1341 1038 1416 haud
1066 1341 1188 1439 panai,
1213 1365 1301 1439 quos
1326 1341 1465 1438 linguae
1495 1347 1630 1414 nostrae
1656 1341 1769 1416 llteraa

240 1492 388 1566 rumque
418 1490 536 1541 ¹surore
566 1475 602 1538 et
635 1464 751 1538 studio
784 1464 975 1550 imbueret,
1012 1462 1118 1560 idque
1152 1486 1217 1560 ego
1247 1461 1395 1534 fidenter
1433 1459 1600 1534 affirmare
1634 1463 1746 1536 ausim
1757 1509 1767 1550 ,

241 1589 331 1664 nihil.
348 1611 428 1660 eum
451 1586 659 1684 neglexisse,
685 1603 755 1682 quo
772 1584 819 1658 sd
843 1592 970 1657 metam
995 1581 1061 1656 sibi
1083 1582 1295 1681 propositam
1318 1582 1493 1680 pervenire
1515 1586 1640 1680 posset.
1676 1583 1766 1657 'Pom

240 1707 445 1784 lanionibus
481 1705 651 1792 habendis
674 1703 970 1802 Vondelinrnque,
1005 1703 1124 1801 Belgis
1156 1702 1413 1803 gratissimum,
1448 1698 1569 1775 sedulo
1602 1702 1768 1800 iuterpnea

240 1829 366 1916 nodo,
392 1826 643 1900 temeratione
667 1825 822 1900 rectorali
847 1823 949 1922 patrii
972 1824 1138 1896 sermonis
1175 1824 1331 1898 studium
1361 1822 1620 1895 Iurisconsultis
1646 1842 1766 1920 quam·

242 1947 390 2022 maxime
410 1945 700 2032 oommendsndo‚
726 1954 860 2020 tumet
885 1944 1078 2018 anhelatum
1102 1943 1138 2018 in
1162 1944 1326 2018 Flandria
1350 1941 1507 2016 orientali
1532 1950 1707 2016 strenuam
1734 1945 1770 2017 et

241 2067 442 2164 diligentem
463 2090 582 2140 euram
597 2066 735 2164 agendo
752 2109 804 2124 -
817 2090 861 2138 ne
882 2065 948 2138 alia
969 2089 1154 2138 memorem
1170 2100 1218 2120 -υ-
1235 2064 1337 2137 talem
1360 2087 1396 2136 se
1416 2063 1604 2163 praestitit,
1630 2064 1768 2161 qualem

242 2185 317 2258 Bes
332 2184 604 2282 augustissimus
622 2193 798 2282 expeteret
816 2183 1035 2281 attemperis
1055 2182 1190 2280 loeiqua
1210 2184 1297 2258 ratio
1315 2183 1513 2283 postularet.
1549 2185 1770 2282 Quapropter

241 2315 412 2401 spartam,
438 2329 544 2402 qnam
568 2314 690 2378 nactus
713 2317 805 2390 arat,
843 2329 919 2378 sere
945 2327 1128 2378 exornasse
1161 2303 1328 2378 dicendus
1360 2314 1421 2380 ast.
1475 2304 1544 2377 Sed
1578 2327 1668 2376 anno
1700 2303 1769 2376 iam

242 2421 346 2494 huius
373 2421 500 2494 saeouli
525 2422 712 2508 tricesimo,
738 2421 978 2496 definientibus
1004 2449 1024 2496 a
1047 2424 1144 2522 Rege
1166 2434 1281 2497 nostro
1309 2425 1428 2523 Belgis
1458 2432 1494 2496 et
1525 2432 1660 2497 mutato
1687 2422 1771 2496 inde

167 2529 170 2536 ’
241 2541 600 2639 rerumpublicarum
636 2550 750 2628 statu,
784 2541 867 2617 huie
897 2543 1077 2616 duodecim
1112 2567 1280 2617 annorum
1314 2545 1422 2618 labori
1458 2545 1536 2617 finis
1570 2543 1770 2642 imponitur.

242 2661 335 2734 Cum
360 2660 438 2732 aliis
465 2661 681 2733 nostratibus
705 2660 907 2734 Sohrantins
932 2662 968 2734 in
993 2663 1137 2759 petriam
1168 2655 1257 2736 redit
1281 2671 1316 2736 ot
1342 2685 1432 2738 enno
1461 2665 1619 2762 sequenti
1644 2665 1681 2736 in
1704 2663 1770 2734 Fa·

244 2780 373 2858 cultste
397 2779 637 2877 Philosophiae
660 2779 881 2856 Theoretiese
901 2789 939 2853 et
959 2781 1152 2855 Literarum
1177 2783 1435 2858 Humaniorum
1458 2777 1619 2856 Leidensi
1641 2781 1771 2880 protea

245 2922 361 2976 sorum
385 2899 497 2972 ordini
522 2899 737 2996 adiungitur.
789 2900 848 2974 Sio
870 2901 1012 2974 tsudern
1036 2911 1152 2976 noster
1178 2903 1289 2976 laetus
1314 2913 1376 2976 est.

293 3023 350 3093 Au
383 3043 464 3092 vero
494 3018 538 3091 ab
572 3043 611 3092 oo
641 3019 724 3092 inde
752 3030 906 3115 tempore
935 3018 987 3092 ita
1016 3027 1134 3092 noster
1165 3019 1285 3107 fuerit,
1323 3019 1529 3092 Auditorea!
1568 3029 1607 3092 ut
1638 3020 1676 3091 in
1707 3019 1771 3093 hae

245 3163 332 3214 nova
354 3137 501 3212 senone
526 3138 592 3212 sibi
615 3139 660 3212 ab
687 3139 786 3212 omni
810 3149 907 3236 pente
933 3139 1161 3226 refislaeeret,
1188 3139 1348 3214 dubitare
1373 3139 1514 3212 omnino
1541 3138 1630 3212 lieet.
1681 3139 1773 3212 Nolo

247 3261 312 3334 hee
333 3281 474 3356 urgere,
496 3279 577 3332 eum
599 3269 684 3334 tune
703 3260 869 3358 temporis
888 3259 956 3332 ianr
979 3284 1090 3358 prope·
1105 3259 1257 3333 abfuisse
1281 3261 1325 3333 ab
1349 3283 1440 3332 enno
1459 3258 1580 3332 aetatis
1598 3257 1769 3356 quinqua·

246 3380 395 3480 maimo,
421 3403 462 3452 ex
488 3404 574 3478 quo,
599 3389 639 3452 ut
661 3379 753 3454 tama
775 3380 859 3467 lert,
886 3381 993 3474 nostri
1017 3380 1147 3452 ordinis
1172 3377 1373 3454 hominibus
1406 3379 1508 3475 longe
1533 3377 1668 3473 facilius
1696 3400 1770 3451 esse

247 3503 348 3587 solet,
373 3500 409 3572 in
433 3523 535 3572 usum
556 3499 748 3574 iuuentutis
766 3500 936 3598 aequisita
954 3523 1155 3599 expromere
1175 3525 1279 3598 quam
1302 3523 1391 3573 noua
1408 3510 1444 3573 et
1460 3499 1625 3572 contiuuo
1644 3498 1774 3571 maiora

246 3619 431 3717 acquirere.
482 3616 561 3692 Non
584 3629 656 3693 erat
678 3620 834 3716 ignaviae
860 3620 1000 3694 deditus
1029 3621 1105 3708 ille,
1132 3645 1358 3724 neeoorpore
1389 3629 1450 3694 aut
1481 3620 1596 3693 animo
1624 3617 1770 3704 fractus,

248 3740 308 3814 sed
343 3741 388 3814 ud
418 3737 570 3814 laborem
598 3763 841 3838 quameunque
872 3741 1119 3838 paratissimus.
1171 3741 1346 3814 Obstabat
1378 3760 1474 3826 vero,
1507 3738 1601 3836 quod
1635 3737 1668 3809 ei
1702 3760 1771 3808 non

248 3859 414 3934 continuo
436 3883 522 3933 eoae
541 3860 615 3934 deri
640 3869 798 3958 poterant
820 3861 958 3958 pobliee
990 3860 1135 3934 doeendi
1165 3869 1300 3959 partes,
1339 3860 1434 3934 nulla
1470 3858 1598 3931 scilieet
1633 3863 1774 3929 vacante

247 3979 418 4054 cathedra.
448 3981 590 4054 Plures
611 3981 832 4054 annuntiavit
856 3989 891 4054 at
917 4005 995 4055 vero
1024 3983 1127 4055 etium
1162 3981 1285 4055 habuit
1323 3980 1504 4066 lectiones,
1543 4000 1630 4074 quaa
1656 3985 1772 4048 tamen

247 4100 361 4172 neseio
388 4124 431 4172 au
456 4122 520 4174 suo
543 4101 653 4197 pretio
673 4101 893 4176 aestimarent
922 4101 1097 4175 auditores
1125 4121 1195 4176 non
1219 4101 1409 4176 admodum
1443 4099 1650 4196 frequentes,
1702 4094 1773 4168 Sed

248 4217 382 4314 seriptis
409 4217 493 4290 varii
513 4219 727 4315 argumenti,
754 4243 842 4317 quae
869 4229 970 4294 antee
996 4221 1166 4307 ediderat,
1193 4243 1281 4294 nova
1303 4219 1453 4305 addidit,
1479 4217 1635 4315 guaviter
1655 4215 1772 4288 elabo-

247 4347 339 4423 rata,
363 4335 492 4434 quibus
526 4340 714 4414 multorum
744 4339 922 4413 inserviret
943 4341 1144 4414 commodis.
1194 4343 1352 4414 Functus
1374 4360 1512 4438 quoque
1542 4343 1595 4409 est
1631 4357 1773 4409 munere

248 4457 405 4532 reotorali
427 4457 588 4555 illudque
622 4483 715 4532 anno
746 4460 850 4533 huius
882 4461 1008 4534 aemuli
1034 4460 1301 4558 quadragesimo
1334 4467 1457 4558 quarto
1482 4456 1597 4556 posuit
1622 4454 1777 4530 oratione

248 4575 367 4651 habita
387 4578 429 4648 de
443 4578 614 4662 Arrainio,
647 4577 902 4664 olamans,
926 4583 961 4651 at
986 4579 1127 4651 maneo
1150 4581 1269 4667 Oinili,
1297 4583 1506 4654 Batauorum
1527 4578 1665 4651 ducebar
1685 4579 1777 4648 trater

235 4707 287 4770 'aa
307 4699 523 4792 amparare.
573 4697 620 4770 Et
655 4720 747 4770 anno
781 4698 942 4794 sequenti
967 4695 1108 4772 ineunte
1139 4721 1192 4772 rea
1226 4723 1266 4773 eo
1301 4700 1440 4774 devenit
1471 4697 1629 4782 tandem,
1665 4702 1706 4766 rit
1737 4694 1776 4766 in

249 4813 506 4912 Siegenbaelxii,
530 4816 617 4892 rude
644 4816 781 4906 donati,
809 4817 926 4892 merim·
943 4818 1118 4892 Professor
1139 4829 1311 4894 crearetur
1336 4819 1537 4893 ordinarius.
1593 4817 1678 4890 Erat
1703 4825 1781 4888 tum
