4926 6180
850 629 1137 755 Ι0111110.
1714 687 1757 754 29

235 906 329 985 erat,
367 896 468 970 sicuti
503 905 604 973 88188
633 897 722 983 dixi,
760 895 835 969 eius
860 895 1019 968 valetudo
1043 903 1078 968 et
1102 903 1269 993 perpetuo
1296 882 1377 970 1888
1400 894 1588 969 vexabatur
1610 894 1760 992 eorporis
1814 965 1821 990 ,

234 1018 400 1092 88881818.
452 1017 579 1090 Ν81188
603 1025 718 1090 tamen
745 1015 819 1089 dies
846 1039 927 1089 eum
952 1037 1020 1088 non
1042 1015 1174 1088 invenit
1197 1039 1340 1090 munere
1366 1017 1581 1114 fungentem.
1617 1015 1761 1089 Nemini

154 1185 157 1190 ,
237 1135 483 1233 discipulorum
508 1137 553 1210 ad
577 1161 656 1210 eum
680 1135 795 1213 aditus
817 1158 886 1206 non
910 1133 1044 1230 patuit,
1069 1134 1130 1230 qui
1154 1133 1229 1208 eius
1252 1157 1352 1232 opem
1374 1135 1582 1233 imploraret.
1632 1133 1762 1208 Nullus

237 1279 278 1329 eo
303 1255 369 1328 init
389 1255 555 1328 sollertior
575 1263 610 1328 et
632 1255 848 1352 diligentior,
875 1251 1068 1349 disciplinis
1089 1261 1151 1326 aut
1177 1255 1365 1330 Academia
1387 1255 1654 1354 postulantibus.
1694 1255 1762 1328 His

237 1375 322 1473 ipsis
350 1375 461 1448 verbis
492 1383 572 1449 ante
598 1376 726 1448 multos
750 1376 817 1448 iarn
842 1397 950 1447 88888
979 1373 1022 1445 de
1045 1396 1086 1446 88
1120 1383 1267 1450 18818188
1306 1383 1358 1450 881
1389 1399 1547 1448 summus
1575 1373 1760 1462 Kaiserue,

237 1496 367 1594 collega
389 1495 701 1569 coniunctissimus.
753 1493 893 1572 Quibus
925 1493 1115 1566 virtutibus
1141 1519 1250 1593 quum
1278 1495 1435 1569 amabilis
1466 1493 1637 1592 quaedam
1664 1519 1759 1568 8888-

231 1615 335 1689 deret
358 1615 543 1702 modestia,
570 1624 604 1687 81
632 1637 714 1713 erga
736 1615 823 1687 81188
841 1613 1073 1700 observantia,
1099 1625 1134 1688 et
1158 1639 1240 1713 erga
1263 1617 1377 1688 Deum
1404 1614 1536 1712 pietas,
1564 1615 1633 1688 vita
1659 1614 1762 1688 mori·

238 1733 374 1832 busque
399 1735 637 1832 comprobata,
674 1759 737 1808 888
773 1759 841 1807 888
873 1758 1009 1808 summa
1040 1733 1076 1806 in
1111 1735 1269 1808 cladibus
1297 1735 1401 1808 etiam
1429 1734 1625 1807 domesticis
1651 1733 1761 1832 perle-

237 1855 353 1928 rendis
385 1854 492 1928 animi
528 1854 736 1942 constantia,
774 1854 860 1952 quid
891 1855 1038 1940 mirum,
1074 1854 1168 1951 quod
1205 1877 1286 1928 eum
1317 1854 1467 1952 collegae
1501 1877 1696 1928 amaremus
1727 1861 1763 1928 et

237 1973 503 2062 admiraremur,
537 1973 698 2072 discipuli
728 1974 764 2046 in
794 1973 925 2046 deliciis
953 1973 1118 2046 baberent
1144 1974 1331 2071 debitaque
1355 1981 1643 2071 prosequerentur
1668 1997 1762 2046 rave·

237 2094 364 2182 888118,
400 2117 509 2190 eoque
545 2095 735 2192 professore
758 2118 834 2166 vere
866 2093 1053 2166 clarissimo
1088 2093 1292 2191 gloriaretur
1326 2092 1531 2180 Academia,
1570 2092 1660 2167 bono
1691 2093 1765 2168 oive

237 2215 374 2312 patria?
424 2213 646 2312 Intelligitis,
672 2223 823 2311 quantus
850 2213 971 2300 fuerit,
1005 2237 1046 2286 88
1071 2223 1228 2299 mortuo,
1254 2213 1411 2286 omnium
1441 2212 1608 2289 bonorum
1637 2213 1763 2288 luctus.

238 2333 462 2406 Lectissimae
484 2359 563 2406 vero
586 2335 744 2431 coniugis
769 2333 847 2430 quis
870 2343 1003 2407 8888881
1033 2334 1225 2431 lacrymas?
1275 2332 1373 2406 Haeo
1400 2331 1500 2405 nobis
1530 2331 1664 2406 afflictis
1699 2356 1767 2407 888

238 2461 346 2526 888181
368 2476 477 2549 eaque
500 2477 640 2526 summa
661 2453 864 2526 consolatio:
891 2453 965 2527 Neo
989 2453 1163 2526 incassum
1191 2453 1276 2526 vixit
1300 2451 1351 2525 vir
1372 2451 1544 2550 optimus,
1570 2477 1634 2526 neo
1652 2451 1768 2526 ¹omnis

238 2579 397 2644 mortuus
422 2580 491 2658 881,
518 2582 553 2645 81
577 2597 714 2646 summa
740 2573 814 2644 8188
843 2573 950 2645 818188
974 2573 1190 2646 intaminatis
1214 2572 1327 2670 fulget
1352 2573 1550 2649 bonoribus.

219 2894 223 2902 Ι
289 2806 467 2906 Lugemu's
492 2807 687 2895 defunctos;
715 2809 758 2882 de
780 2809 902 2882 ceteris
925 2833 1004 2882 vero
1024 2811 1207 2898 omnibus,
1233 2812 1361 2908 quibus
1384 2822 1458 2886 atra
1480 2837 1571 2885 mors
1597 2813 1767 2910 pepercit,

239 2927 378 3026 collegis
403 2929 703 3002 aestumatissimis
729 2929 912 3016 laetamur,
939 2929 1146 3002 Auditoresl
1184 2932 1329 3026 Deoque
1360 2931 1598 3004 Conservatori
1632 2931 1767 3006 debitas

241 3047 343 3121 bodie
369 3057 483 3146 grates
508 3049 744 3147 persolvimus.
796 3049 851 3122 Ne
881 3073 991 3122 unum
1018 3047 1159 3145 quidem
1194 3071 1235 3121 ax
1269 3050 1312 3122 iis
1345 3051 1525 3148 corripuit,
1562 3076 1671 3148 quum
1703 3053 1767 3128 1888

239 3168 276 3240 18
302 3168 388 3241 urbe
409 3177 637 3266 grassaretur,
666 3169 812 3242 Cholera
835 3169 997 3243 Asiatica.
1050 3169 1091 3240 ln
1115 3191 1254 3266 gravem
1280 3169 1405 3242 deinde
1432 3169 1591 3244 morbum
1616 3171 1761 3269 implici-

241 3293 301 3359 tus
326 3287 534 3360 clarissimus
565 3287 684 3360 Simon
713 3289 883 3375 Thomas,
921 3289 997 3361 Deo
1032 3288 1181 3385 benigna
1216 3287 1436 3374 moderante,
1472 3288 1542 3362 1888
1570 3291 1762 3365 convaluit:

243 3405 337 3502 quod
367 3405 571 3482 beneficium
605 3407 760 3480 divinum
780 3407 879 3493 Tibi,
902 3405 964 3479 Vir
988 3406 1211 3494 amicissima!
1265 3407 1438 3504 Tuisque,
1464 3409 1665 3506 praesertim
1687 3433 1766 3486 vero

242 3524 449 3598 Academiae
473 3539 627 3612 nostrae,
662 3551 703 3600 88
726 3526 941 3624 gratulamur
964 3525 1178 3623 impensius,
1204 3549 1274 3622 quo
1301 3526 1401 3598 nobis
1429 3551 1465 3598 88
1497 3531 1608 3600 888188
1636 3535 1765 3626 81888

243 3645 373 3717 maiora
409 3645 484 3718 'l'ua
516 3655 598 3718 sunt
625 3647 661 3718 in
687 3646 903 3744 disciplinam
925 3647 1036 3719 Tuam
1065 3655 1243 3742 artemque
1271 3646 1403 3720 merite.
1429 3690 1479 3704 -
1503 3645 1603 3720 Valet
1640 3647 1765 3735 etiam,

244 3764 338 3861 quod
360 3765 572 3861 gaudemus,
599 3767 764 3864 vigetque
798 3791 902 3839 senex
929 3764 1130 3839 venerabilis
1156 3767 1268 3864 Pruys
1302 3789 1365 3839 888
1400 3766 1461 3839 der
1494 3765 1656 3854 Hoeven,
1685 3767 1765 3865 qui,

244 3892 322 3982 post
353 3893 530 3981 peractam
568 3909 715 3973 munus,
745 3886 789 3960 ab
815 3887 908 3959 bisce
930 3885 1071 3983 quidem
1095 3886 1304 3960 Academiae
1327 3885 1501 3958 natalibus
1526 3887 1764 3962 concelebran-

103 4003 107 4010 '
245 4001 298 4075 dis
320 4003 440 4076 abesse
460 4003 563 4090 88181,
580 4005 650 4104 ¹sed
674 4005 778 4078 vitam
801 4014 936 4092 tamen,
963 4029 1068 4102 quam
1092 4005 1164 4103 egit
1184 4015 1219 4078 et
1241 4029 1344 4104 agere
1365 4006 1497 4104 pergit,
1521 4008 1763 4082 Academicam

244 4123 448 4198 suavissimo
476 4123 622 4221 scripto,
657 4149 767 4223 nuper
803 4125 913 4210 edito,
950 4125 999 4198 118
1039 4125 1200 4212 recoluit,
1237 4134 1276 4198 ut
1307 4127 1462 4198 animum
1497 4137 1655 4224 argueret
1689 4151 1766 4202 vere

244 4240 430 4314 iuvenilem
456 4243 634 4341 multaque
659 4242 822 4340 proferret
845 4242 1028 4315 iuvenibus
1050 4243 1177 4339 pariter
1200 4253 1305 4339 atque
1328 4246 1468 4318 senibus
1490 4246 1597 4321 utilia.
1622 4289 1672 4302 -
1697 4248 1766 4322 Sed

245 4359 296 4432 'I'e
326 4361 425 4434 nobis
459 4363 562 4436 hodie
592 4373 808 4461 praesentem
841 4361 982 4448 adesse,
1018 4361 1149 4458 optime
1176 4363 1344 4460 Hengelil
1396 4364 1544 4463 Tib'ique
1572 4367 1766 4463 grandaevo

245 4480 364 4554 Deam
388 4481 492 4554 vitem
518 4483 674 4578 viresque
694 4483 742 4553 ita
767 4481 873 4552 luisse
896 4479 1077 4576 largitum,
1107 4489 1145 4550 ut
1165 4479 1286 4554 adesse
1309 4483 1440 4580 possis,
1465 4484 1502 4556 id
1523 4485 1664 4581 quidem
1686 4495 1766 4562 8818

246 4598 309 4672 1888
348 4599 508 4674 undecim
551 4625 676 4687 annos,
720 4623 829 4697 quum
871 4599 1022 4672 oratione
1062 4599 1259 4697 inaugurali
1293 4602 1343 4676 Te
1378 4605 1583 4701 alloquerer,
1630 4630 1765 4704 sperare

246 4743 385 4816 prorsus
411 4744 479 4793 non
501 4719 684 4794 audebam.
735 4721 789 4793 Ex
811 4720 870 4808 iis,
897 4720 958 4818 qui
982 4721 1031 4792 'Pe
1051 4720 1210 4793 iuvenem
1240 4745 1447 4819 cognovere,
1473 4737 1659 4823 supersunt
1681 4752 1766 4825 peu·

248 4837 391 4928 oissimi;
417 4841 516 4914 adeat
535 4865 643 4930 unus,
668 4841 771 4916 Ρ8188
794 4840 868 4938 ipse
889 4864 988 4914 meus
1015 4841 1228 4930 carissimus,
1252 4841 1351 4916 uuus
1372 4845 1549 4942 quondam
1565 4848 1768 4937 commilito,
