4926 6180
654 570 709 632 ‚24
1251 571 1604 638 strutus

667 798 747 848 vero
770 773 972 848 Schrantius
993 765 1215 873 sexagenario
1238 777 1362 866 maior,
1387 803 1452 854 nec
1473 781 1540 854 nisi
1559 789 1636 854 octo
1659 781 1692 855 ai
1716 781 1800 854 anni
1822 789 2039 880 supererant,
2065 781 2193 879 quibus

667 893 713 968 ab
737 893 833 968 omui
857 909 953 991 parta
987 894 1136 968 doctoris
1160 895 1362 971 Academici
1383 907 1498 996 partes
1523 900 1691 998 expleret,
1718 903 1847 1000 quippe
1877 902 1938 999 qui
1970 925 2061 974 anuo
2092 901 2191 998 quin·

667 1013 869 1113 quagesima
885 1014 986 1086 tertio
1009 1014 1216 1103 terminum,
1244 1017 1305 1112 qui
1329 1017 1471 1106 dicitur,
1497 1019 1635 1094 letalem
1659 1020 1855 1118 attingeret.
1906 1021 1973 1094 Per
1991 1020 2056 1094 boc
2077 1027 2192 1093 tamen

668 1134 906 1208 brevissimum
932 1134 1096 1230 temporis
1119 1135 1269 1232 spatium
1291 1161 1354 1234 pro
1377 1137 1465 1210 virili
1487 1163 1550 1212 sua
1576 1140 1746 1236 praestitit
1777 1141 2009 1238 omnibusque
2031 1140 2192 1238 prodesse

663 1262 806 1328 conatus
830 1263 883 1326 ast
904 1266 1038 1327 atvero
1061 1253 1164 1326 etiam
1188 1254 1334 1351 proluit,
1360 1258 1421 1355 qui
1447 1257 1482 1330 in
1507 1259 1581 1332 eius
1605 1284 1642 1332 se
1663 1259 1880 1358 disciplinam
1910 1261 2103 1347 traderent,
2128 1283 2191 1332 nec

663 1373 808 1448 cessavit
843 1399 863 1446 a
896 1373 1102 1448 lectionibus
1136 1373 1302 1472 publicis,
1339 1386 1528 1476 autequam
1562 1380 1749 1453 successori
1783 1404 1846 1452 suo
1881 1379 2089 1478 provinciam
2127 1377 2206 1488 sibi·

665 1493 908 1566 demandatam
947 1494 1012 1566 rite
1049 1493 1181 1566 tradere
1219 1503 1344 1590 posset.
1396 1495 1472 1567 Iam
1509 1495 1553 1568 de
1580 1495 1674 1570 illius
1709 1496 1745 1569 in
1781 1497 1896 1571 literas
1929 1498 2058 1597 patrias
2085 1497 2191 1570 histo·

666 1614 823 1710 riamque
850 1613 980 1686 meritis
1004 1621 1038 1686 et
1063 1611 1283 1686 institutione
1308 1613 1515 1688 Academica
1543 1638 1648 1712 penes
1675 1616 1759 1690 alios
1791 1617 1959 1690 iudicium
1991 1617 2080 1690 estol
2132 1617 2192 1688 Me

666 1733 729 1806 viri
753 1733 929 1819 benevoli,
956 1731 1124 1820 affabilis,
1151 1734 1299 1821 eruditi,
1325 1735 1361 1806 in
1383 1735 1454 1808 otio
1479 1759 1542 1808 suo
1566 1736 1709 1810 minima
1733 1737 1854 1824 otiosi,
1880 1737 1999 1810 laudes
2024 1734 2192 1808 celebrare

665 1852 783 1940 lubet,
809 1877 913 1950 quem
939 1853 1045 1926 semel
1070 1863 1204 1927 tantum
1233 1853 1316 1926 mibi
1342 1853 1437 1927 edire
1466 1855 1631 1952 contigit,
1658 1880 1765 1954 quum
1791 1857 1976 1954 propinqui
1999 1855 2066 1928 sibi
2090 1853 2191 1928 caris-

666 1974 762 2058 simi,
788 1973 949 2071 Collegae
975 1975 1083 2046 nostri
1116 1974 1152 2046 in
1184 1974 1360 2048 Medicina
1385 1975 1635 2074 expertissimi,
1672 1976 1707 2048 in
1732 1977 1807 2075 ipso
1831 1977 1954 2050 aetatis
1978 1967 2061 2048 flore
2086 1973 2191 2070 rapti,

665 2093 823 2167 acerbam
849 2103 993 2166 morteru
1018 2095 1168 2192 lugeret3
1197 2095 1261 2167 sed.
1283 2095 1409 2192 scripta
1432 2096 1531 2168 cuius
1555 2096 1766 2194 theologica,
1791 2105 1964 2194 quotquot
1987 2093 2073 2168 mibi
2096 2093 2191 2164 inno·

667 2224 827 2299 toerunt,
863 2215 1018 2286 animum
1053 2224 1207 2310 arguunt
1241 2214 1453 2301 candidum,
1479 2215 1549 2288 veri
1577 2215 1792 2302 studiosum,
1826 2215 1992 2288 alitibus
2022 2200 2191 2296 alienum,

665 2331 839 2428 religionis
867 2333 1101 2405 sanctissimae
1124 2356 1240 2404 amore
1274 2332 1413 2429 penitus
1449 2333 1644 2419 imbutum,
1677 2335 1721 2407 da
1759 2335 1834 2406 eius
1861 2335 2002 2407 veritate
2025 2331 2094 2405 sibi
2119 2351 2191 2427 per-

667 2452 926 2537 suasissimum,
962 2450 1007 2524 ad
1031 2475 1105 2524 eam
1134 2452 1330 2524 iunioribus
1365 2453 1469 2526 etiam
1504 2454 1813 2527 commendandam
1848 2453 2068 2552 aptissimum
2097 2457 2133 2523 at
2157 2448 2192 2519 in

667 2571 702 2644 S.
725 2571 902 2668 Scriptura
935 2571 1159 2666 intelligenda
1183 2583 1218 2644 et
1243 2571 1447 2669 explicanda
1468 2572 1517 2646 ita
1542 2583 1735 2660 versatum,
1764 2583 1802 2647 ut
1831 2573 2019 2648 dolendum
2054 2569 2193 2644 omniuo

664 2692 729 2777 sit,
754 2691 845 2763 Novi
871 2690 1100 2774 Testamenti,
1127 2711 1233 2788 quam
1261 2691 1428 2763 diuturno
1449 2691 1565 2764 labore
1586 2703 1782 2789 paraverat,
1810 2693 1958 2767 versioni
1978 2688 2193 2777 vernaculae,

663 2812 849 2910 quominus
872 2811 1047 2897 ederetur,
1075 2811 1166 2884 varia
1192 2809 1236 2882 ab
1266 2811 1470 2883 auctoritate
1494 2811 1723 2886 ecclesiastica
1750 2813 1891 2886 obmota
1918 2812 2024 2885 luisse
2048 2806 2193 2907 impedi·

665 2943 792 3004 menta.
844 2931 884 3001 In
909 2930 978 3002 lide
1002 2944 1136 3015 autem,
1164 2953 1270 3026 quam
1294 2929 1539 3026 profitebatur,
1564 2931 1731 3006 catholica
1752 2931 1922 3029 perstitit,
1947 2931 1997 3002 ita
2019 2944 2134 3002 tamen
2156 2935 2195 3000 ut

664 3051 838 3126 nemiuem
863 3049 1125 3133 condemnaret,
1161 3047 1196 3120 in
1232 3073 1302 3145 quo
1329 3049 1461 3146 aliquid
1497 3049 1628 3123 Christi
1654 3053 1836 3150 reperiret,
1864 3060 1899 3126 et
1928 3051 2194 3149 quibuscunque

633 3171 780 3268 egenis
814 3169 998 3242 liberaliter
1025 3179 1247 3240 succurreret.
1301 3169 1383 3246 Qua
1419 3169 1455 3242 iu
1488 3194 1524 3242 re
1552 3171 1581 3243 si
1613 3171 1701 3244 sorte
1732 3197 1801 3245 nou
1831 3170 1994 3245 omnibus
2029 3167 2194 3268 placuerit

661 3289 817 3365 eiusdem
838 3288 921 3361 fidei
941 3288 1058 3374 sociis,
1086 3287 1248 3385 equidem
1272 3288 1388 3362 nullus
1414 3288 1557 3375 dubito,
1594 3291 1680 3388 quin
1715 3291 1790 3364 Deo
1824 3289 2012 3388 placuerit,
2038 3287 2194 3362 omnium

663 3409 737 3482 sine
762 3408 957 3482 discrimine
984 3407 1161 3481 hominum
1189 3407 1282 3480 Petri
1307 3407 1596 3496 elementissimo,
1624 3409 1884 3509 benignissimo.

714 3647 827 3720 Vitam
850 3649 961 3746 magis
987 3646 1155 3744 placidam
1177 3657 1213 3720 et
1233 3599 1407 3744 quietam,
1435 3648 1539 3721 nullis
1563 3647 1633 3722 lere
1660 3648 1838 3724 turbatam
1860 3648 1940 3722 latis
1962 3645 2193 3746 gravioribus,

665 3767 905 3846 defunctorum
924 3766 1009 3838 alter
1028 3765 1118 3863 egit,
1145 3765 1318 3840 Henricus
1339 3765 1450 3852 Gock,
1477 3765 1760 3855 Transisalanus,
1784 3767 1895 3842 nobili
1916 3793 1936 3842 e
1956 3777 2061 3866 gente
2082 3773 2194 3852 ortus,

664 3888 725 3985 qui
747 3911 807 3984 per
829 3885 1058 3983 quadraginta
1081 3909 1188 3958 annos
1209 3885 1414 3982 etamplius
1438 3883 1710 3982 pmsessoratum
1733 3885 1861 3984 gessit,
1887 3885 2039 3982 primum
2059 3884 2194 3956 Davan-

665 4008 767 4094 triae,
794 4005 838 4080 ab
865 4029 956 4079 anno
978 4012 1094 4078 autem
1118 4004 1221 4078 huius
1245 4004 1371 4078 aemuli
1393 4004 1553 4078 vicesimo
1580 4013 1679 4078 sexto
1703 4005 1738 4077 in
1764 4006 1829 4079 hac
1853 4003 2060 4088 Academia,
2086 4002 2196 4074 donec

664 4128 948 4226 septuagenarius
979 4125 1199 4200 emeritatum
1231 4125 1494 4198 nancisceretur.
1548 4125 1601 4196 De
1636 4149 1706 4221 quo
1737 4127 1807 4198 viro
1845 4123 2047 4224 gravissimo
2083 4127 2119 4193 et
2150 4121 2195 4194 ab

666 4247 761 4322 omni
785 4247 886 4323 laude
912 4246 1105 4343 expetenda
1127 4245 1238 4318 alieno
1263 4268 1318 4316 me
1339 4268 1407 4318 nou
1442 4243 1508 4317 nisi
1534 4243 1654 4342 paucis
1683 4245 1815 4331 dicere,
1842 4269 1885 4317 no
1921 4243 2000 4341 quis
2034 4239 2194 4314 miretur!

667 4369 749 4462 lpse
770 4366 879 4451 enim,
906 4391 1014 4462 quum
1040 4391 1071 4438 a.
1101 4367 1193 4438 1836
1221 4364 1425 4462 magistratu
1454 4363 1664 4438 Academico
1699 4363 1827 4452 abiret,
1862 4364 1906 4436 de
1937 4360 2135 4434 ffluvensio
2161 4366 2197 4432 et

667 4485 884 4569 Hamalrero,
911 4484 991 4555 viris
1021 4485 1269 4570 celeberrimis,
1305 4493 1376 4557 tam
1401 4483 1537 4556 mucias
1571 4481 1739 4557 brevitate
1775 4494 1810 4556 et
1835 4480 2066 4557 concinnitate
2088 4477 2193 4566 dixit,

673 4617 712 4680 ut
735 4605 848 4704 palam
874 4603 1018 4689 faceret,
1044 4627 1149 4698 quam
1171 4605 1337 4678 rationem
1360 4605 1395 4676 iu
1420 4603 1483 4676 hac
1505 4627 1541 4675 re
1565 4602 1639 4700 ipse
1662 4602 1811 4676 maxime
1836 4600 2010 4699 probaret.
2051 4599 2196 4671 Summe

669 4748 807 4824 quoquo
839 4721 925 4795 mihi
958 4722 1003 4794 ob
1038 4721 1156 4796 oculos
1194 4731 1347 4796 versatur
1379 4722 1441 4795 viri
1476 4721 1663 4810 modestia,
1701 4745 1771 4819 qua
1807 4719 1928 4793 sedulo
1967 4741 2086 4794 cavero
2122 4725 2194 4792 stu·
