4926 6180
720 671 766 742 30
1306 669 1333 733 1.
1380 667 1661 737 tantm

722 899 831 974 quera
852 876 964 960 valere.
982 885 1025 956 at,
1043 876 1099 956 bic
1120 874 1242 952 adessa
1264 897 1334 952 non
1356 881 1495 952 tantum
1517 873 1643 962 laetor,
1673 873 1735 947 sad
1761 895 1820 960 aa,
1845 897 1915 971 qus
1941 899 2003 974 par
2026 880 2098 962 ast,
2121 873 2248 972 pietate

718 995 813 1080 mter
835 1019 972 1076 summa
1005 1003 1128 1096 reputo
1153 993 1241 1072 vitae
1264 1017 1370 1070 meaa
1400 993 1491 1071 bona
1520 992 1694 1091 huiusque
1722 991 1797 1070 diei
1824 992 1987 1073 solennia.
2038 993 2108 1072 Hic
2140 992 2247 1091 igitur

720 1139 764 1200 en
786 1115 850 1203 iis,
876 1115 937 1214 qai
959 1115 1011 1192 Te
1034 1115 1196 1195 iuvenem
1220 1137 1427 1212 cognovere,
1451 1113 1522 1190 lare
1546 1113 1642 1190 solus
1662 1122 1716 1190 ast
1738 1123 1931 1212 superatam
1967 1113 2028 1188 sed
2058 1137 2181 1192 senam.
2198 1115 2247 1192 'Vc

718 1259 843 1314 omnes
857 1259 1061 1315 veneramur
1079 1235 1233 1314 iunioras
1251 1258 1290 1312 aa
1311 1233 1419 1332 {nilis
1438 1232 1547 1312 instar
1566 1232 1755 1332 diligimus.
1791 1233 1847 1308 Tu
1867 1243 1984 1312 autem
2007 1233 2107 1312 nobis
2128 1234 2246 1312 adesse

718 1379 851 1456 pergas,
875 1355 1098 1442 auctoritate,
1134 1355 1311 1453 exemplo,
1354 1354 1495 1434 monitis
1530 1363 1566 1428 et
1601 1352 1757 1428 aonuiiis
1791 1351 2050 1442 saluberrimis,
2078 1353 2244 1452 Tibique,

720 1499 858 1574 precor,
893 1484 969 1553 tam
998 1474 1090 1553 felia
1120 1500 1194 1554 ease
1228 1473 1425 1572 contingat,
1462 1482 1501 1548 ut
1531 1474 1567 1550 in
1593 1473 1707 1550 lucem
1737 1473 1812 1572 ipae
1835 1473 1970 1572 modae
1992 1473 2107 1552 videas
2141 1481 2179 1548 et,
2198 1473 2240 1550 ab

718 1594 1047 1693 intelligentioribus
1075 1594 1213 1694 probari
1245 1618 1373 1670 novam
1405 1592 1498 1668 Novi
1532 1593 1745 1672 Testamenti
1783 1594 1972 1672 versionem
2009 1594 2243 1683 vernaculam,

721 1714 808 1798 Traia
832 1713 898 1790 snb
924 1714 1087 1812 auspiciis
1111 1713 1175 1790 dia
1198 1713 1406 1792 elaboratam
1430 1737 1473 1786 ac
1494 1712 1569 1790 lara
1589 1712 1794 1790 absolutam.

768 1835 926 1912 Auotum
946 1858 1026 1910 ease,
1043 1832 1279 1910 Professorum
1303 1856 1488 1910 numerum
1508 1831 1581 1908 iam
1601 1832 1812 1932 significavi,
1829 1833 2032 1910 Auditnresl
2069 1832 2240 1912 Nimrua

722 1963 793 2034 tres
825 1977 1038 2030 successores.
1067 1952 1294 2031 Helbertsma
1318 1976 1414 2028 unus
1434 1951 1568 2028 babuit
1618 1952 1839 2052 Intelligitis,
1876 1961 1915 2030 at
1949 1953 2124 2030 aruimus
2155 1961 2241 2040 aar,

717 2072 1166 2160 inconsentaneum
1189 2073 1358 2148 bonorum
1380 2073 1513 2160 luctus,
1539 2072 1589 2148 ita
1613 2073 1699 2148 mihi
1722 2073 1861 2148 Rectori
1885 2072 2126 2150 dulcissimum
2150 2096 2240 2158 esse,

721 2218 792 2291 qno
814 2193 885 2270 iam
905 2191 1046 2290 fungor,
1082 2191 1232 2270 officinm
1256 2190 1328 2264 Vos
1358 2191 1505 2290 collegas
1529 2189 1667 2289 publice
1693 2191 1944 2290 compellandi,
1967 2191 2155 2270 Triumuiri
2176 2191 2240 2268 cla·

716 2311 859 2394 tissimi!
886 2312 949 2410 qai
969 2311 1038 2388 iam
1066 2335 1171 2388 suum
1199 2311 1347 2410 quisque
1369 2336 1520 2400 munus,
1554 2311 1672 2388 habita
1693 2313 1870 2400 oratione,
1900 2312 2097 2390 solemniter
2126 2337 2239 2409 capes

718 2433 861 2514 numus..
893 2433 1012 2508 Multa
1030 2441 1147 2519 erant,
1170 2456 1262 2528 qaae
1280 2433 1324 2506 de
1338 2431 1468 2519 Vobis,
1492 2431 1690 2508 doctoribus
1710 2433 1945 2522 Academicis,
1969 2432 2084 2508 fausta
2105 2432 2240 2530 quaevis

720 2560 756 2626 at
776 2551 950 2651 praeclara
971 2551 1224 2630 obtinerentur:
1252 2551 1462 2639 maximum,
1487 2551 1780 2650 praestantissime
1808 2551 1959 2651 Haynsil
1986 2551 2084 2649 quod
2105 2553 2240 2630 Amata·

720 2671 849 2746 lodami
873 2671 1063 2768 reliquisti,
1092 2672 1154 2747 ubi
1186 2695 1247 2768 per
1278 2671 1410 2768 aliquot
1442 2695 1554 2752 annos
1588 2671 1843 2770 Physiologiam
1878 2671 2053 2770 professus
2083 2697 2139 2760 es,
2175 2671 2241 2744 Tui

718 2791 926 2869 desiderium
938 2824 947 2878 ;
974 2816 1171 2882 summum,
1197 2817 1266 2889 quo
1296 2791 1459 2866 iuventus
1484 2790 1694 2867 Academica
1713 2791 1823 2868 Tuam
1858 2791 2132 2879 institutionem,
2158 2791 2239 2866 ami·

716 2911 1079 3008 cissichoogaardl
1106 2911 1234 2984 habere
1257 2911 1362 2998 solat,
1387 2909 1558 3007 pretium5
1584 2935 1647 2987 uec
1677 2934 1747 2986 nou
1777 2911 1936 3010 egregia,
1970 2937 2075 3010 quam
2102 2911 2145 2986 de
2172 2911 2239 2997 Va,

716 3028 914 3110 doctissima
946 3029 1098 3128 Zaaijerl
1135 3039 1334 3128 praeceptor
1369 3028 1467 3106 Tuus
1502 3029 1727 3110 Halbertama
1760 3041 1981 3129 conceperat,
2020 3029 2238 3132 exspectatis

715 3149 792 3229 Nec
821 3135 1000 3247 praesagia
1034 3149 1230 3226 fefellerunt
1263 3149 1393 3226 laboris
1426 3150 1528 3224 vestri
1559 3149 1741 3247 primitiae.
1792 3151 2024 3230 Gratulsmnr
2048 3150 2171 3238 Vobis,
2205 3157 2240 3228 et

717 3291 795 3350 reto
826 3267 932 3346 otiam
962 3269 1176 3347 Academiae
1192 3280 1347 3360 nostrae,
1379 3269 1570 3369 insignem,
1597 3294 1700 3367 quem
1726 3271 1762 3344 in
1783 3269 1963 3346 Facultate
1985 3270 2119 3346 modica
2140 3291 2238 3344 oocu-

715 3387 842 3485 pastis,
877 3387 1012 3476 locum
1043 3397 1085 3465 et.
1097 3388 1206 3468 Vobis
1229 3415 1299 3466 non
1320 3390 1441 3467 dedase
1465 3391 1683 3489 gaudemus,
1714 3389 1843 3487 quibus
1870 3390 2039 3478 utamini,
2074 3389 2237 3466 subsidia

714 3507 949 3584 Aedificatum
971 3508 1035 3583 hoc
1058 3532 1151 3584 anno
1170 3519 1207 3582 et
1229 3509 1266 3584 in
1288 3535 1390 3585 usum
1414 3510 1566 3587 maledi
1585 3517 1745 3608 coaptum
1766 3517 1820 3584 est
1839 3509 2120 3598 Laboratorium,
2145 3507 2239 3607 quod

715 3626 822 3708 nebus
853 3626 987 3714 deant,
1022 3628 1322 3726 Physiologieam,
1354 3639 1434 3727 apte
1467 3637 1504 3702 at
1529 3628 1722 3726 elegentes,
1757 3637 1793 3704 at
1824 3629 1959 3704 modice
1984 3638 2122 3718 mman,
2158 3652 2237 3704 con,-

715 3753 897 3824 sttuctum.
948 3745 1130 3824 Praeterea
1154 3755 1295 3825 auctum
1321 3756 1373 3822 est
1396 3749 1562 3824 Muscam
1585 3749 1834 3826 Anatomionm
1860 3748 1987 3824 eximia
2010 3747 2237 3846 speciminum

714 3866 1238 3964 dedamis-mommsen
1261 3870 1485 3966 supellectili,
1511 3891 1600 3970 quaa
1621 3869 1658 3945 'tn
1679 3891 1764 3940 usus
1789 3868 1939 3966 paratos
1962 3892 1990 3941 a.
2015 3892 2051 3941 sa
2078 3866 2236 3954 collecta,

714 4000 915 4084 praeparata
937 3994 972 4060 et
995 3985 1117 4062 ordina
1143 3987 1327 4086 disposita,
1362 3988 1569 4068 Academiae
1602 3987 1946 4086 Lugdunussatavae
1971 3986 2069 4064 vivus
2099 3985 2237 4060 donavit

712 4104 923 4184 clarissimus
955 4105 1138 4206 Suriagm,
1175 4107 1293 4185 addito
1326 4109 1481 4206 catalogo
1504 4109 1548 4184 ab
1574 4132 1615 4184 eo
1645 4107 1837 4204 conscripto
1873 4116 1908 4186 at
1935 4106 2027 4205 typis
2057 4130 2235 4204 cupresso:

714 4247 777 4322 pro
802 4249 872 4322 quo
898 4225 989 4302 douo
1013 4227 1199 4325 splendido.
1221 4253 1261 4302 ac
1287 4251 1363 4300 vera
1386 4226 1519 4304 liberali
1540 4226 1636 4314 Tibi,
1663 4225 1726 4302 Vir
1749 4225 2056 4304 aestumatissimel
2080 4225 2236 4302 omniun

713 4342 829 4424 uenbie
850 4346 984 4442 gratias.
999 4369 1066 4446 ego
1087 4372 1179 4445 quaa
1196 4371 1336 4446 possum
1357 4346 1538 4424 matrimes.
1587 4344 1737 4423 Voluisti
1760 4345 1815 4420 Tu
1835 4345 1978 4443 quidem
1997 4344 2047 4418 ita
2068 4343 2234 4442 quodam·

714 4461 822 4542 mede
849 4465 1037 4559 persolvere
1058 4468 1168 4548 multa
1188 4477 1224 4542 et
1246 4467 1457 4566 gratissima,
1482 4489 1572 4562 qnae
1596 4463 1677 4540 huic
1701 4471 1838 4540 nostrae
1862 4463 2071 4542 Academiae
2097 4473 2234 4562 accepts

713 4579 841 4668 refers,
864 4582 952 4658 vitae
976 4584 1076 4662 bona.
1126 4586 1225 4665 Haec
1247 4611 1326 4660 varo
1350 4609 1421 4684 quc
1443 4583 1584 4660 mndem
1617 4583 1728 4660 modu
1742 4585 1823 4660 Tibi
1858 4611 2012 4684 anquam
2044 4583 2234 4682 pusalvors

713 4700 865 4796 poterit,
884 4727 972 4800 quae
996 4704 1091 4782 Tuae
1114 4703 1217 4781 dabat
1240 4705 1422 4786 doetrinae.
1443 4701 1697 4801 amplissimae,
1720 4703 1881 4802 egregiae
1899 4705 2066 4782 iuvenum
2094 4701 2232 4778 institu-

606 4818 608 4826 ‘
714 4817 799 4900 ueni
825 4829 859 4896 et
882 4821 1075 4903 indefessae
1099 4823 1312 4908 industriae?
1362 4827 1444 4904 Quo
1468 4823 1537 4902 att>
1562 4822 1718 4912 meliori,
1749 4847 1900 4922 quaeso,
1928 4847 2036 4923 quam
2069 4821 2233 4922 erigendo
