4926 6180
869 651 1151 741 oaaaiol
1490 694 1491 704 Ν
1648 649 1763 742 ‘aa

248 899 283 964 et
321 888 365 962 de
397 887 569 988 paucitate
600 909 719 960 eorum
751 882 934 980 conqueri,
971 881 1032 980 qui
1065 881 1129 956 hoo
1154 906 1245 956 anno
1274 883 1310 955 in
1334 906 1473 988 arenam
1504 882 1763 968 desoenderint3

249 1009 310 1082 aed
343 1007 380 1080 id
414 1031 471 1080 me
503 1005 589 1078 velle
613 1013 730 1078 tamen
754 1003 931 1104 significo,
962 1010 1001 1076 ut
1028 1002 1070 1078 de
1095 1002 1235 1076 victoria
1258 1002 1463 1099 reportando
1487 1027 1588 1075 nemo
1612 1015 1762 1075 vestrum

251 1150 403 1224 unquam
440 1125 598 1222 desperet
631 1123 788 1197 nobilior.
839 1120 923 1194 Mox
957 1119 1037 1193 novi
1070 1120 1106 1195 in
1139 1121 1326 1194 Academia
1351 1105 1543 1194 Tieiectina
1564 1124 1765 1219 aperiuntur

249 1245 333 1320 lodi.
383 1243 565 1342 Acciogite
588 1268 665 1330 voa,
691 1251 865 1341 quotquot
888 1266 907 1313 e
932 1240 1063 1314 meliori
1083 1241 1156 1314 luto
1173 1241 1274 1313 finxit
1296 1241 1491 1338 praecordia
1512 1243 1634 1329 Titan,
1656 1267 1765 1339 eoque

250 1363 362 1437 aoriua
386 1372 421 1436 et
444 1362 589 1436 elaorioa
616 1362 660 1435 de
684 1363 798 1460 palme
819 1359 1035 1445 contendite,
1062 1383 1132 1456 quo
1156 1359 1263 1433 maior
1282 1384 1357 1431 esse
1383 1361 1469 1432 solet
1492 1363 1767 1459 peregrinatiane

250 1506 353 1580 qoem
377 1482 586 1556 domestice!
610 1481 689 1555 Hoo
710 1481 802 1578 agita
822 1503 958 1565 omnes,
982 1486 1021 1550 ut
1040 1477 1075 1551 in
1093 1477 1156 1551 heo
1175 1479 1243 1551 vita
1260 1479 1354 1550 brevi
1371 1479 1507 1578 longam
1523 1495 1631 1554 artem
1647 1482 1766 1554 sedulo

249 1601 386 1688 oolatia,
423 1609 458 1674 et
488 1625 577 1698 quae
615 1628 635 1676 a
671 1600 780 1675 Vobis
815 1605 1015 1697 exspectent
1047 1607 1224 1695 parentes,
1258 1597 1392 1696 flagitat
1420 1601 1627 1687 Academia,
1659 1604 1767 1698 poscit

250 1720 378 1818 patria,
404 1718 487 1798 haee
515 1719 551 1794 io
578 1743 787 1824 quocunque
811 1716 1011 1818 disciplinae
1035 1724 1096 1792 aut
1124 1716 1213 1792 vitae
1237 1741 1363 1815 genere
1386 1719 1572 1816 aliquando
1595 1732 1767 1820 praestare

250 1838 399 1936 petitia.
895 1871 898 1878 ·

302 2077 458 2152 Dicenda
482 2075 555 2150 dixi
580 2083 615 2148 et
640 2075 775 2173 agenda
800 2075 935 2174 peregi,
968 2073 1171 2148 Auditorea!
1210 2073 1387 2172 Vobisque
1411 2055 1593 2160 omniboa,
1616 2077 1679 2172 qui
1703 2076 1765 2148 hu·

252 2199 415 2273 monitate
438 2201 552 2268 vestra
574 2199 610 2268 et
631 2188 869 2268 benevolentia
887 2193 1128 2267 medicantem
1146 2194 1384 2279 sustentetis,
1413 2195 1541 2292 gratias
1563 2218 1638 2292 ago.
1672 2188 1767 2269 Nihil

250 2323 356 2392 restet
392 2339 495 2412 quem
534 2319 574 2386 ut
604 2331 733 2386 munus
764 2308 926 2388 raetoreie
951 2311 986 2385 in
1014 2313 1063 2386 Te
1089 2312 1261 2386 conferam
1288 2309 1437 2410 'tibique
1461 2313 1616 2400 tradem,
1641 2316 1766 2388 Claria-

250 2437 338 2512 eime
373 2433 557 2534 Soringoi!
594 2457 698 2532 qoam
723 2434 759 2506 in
784 2457 914 2510 annum
941 2443 1141 2529 sequentem
1166 2431 1241 2508 Rex
1266 2427 1460 2532 designavit
1480 2446 1643 2508 rectorem
1672 2461 1766 2533 meg·

251 2557 406 2639 niteam.
443 2553 564 2640 salve,
581 2551 643 2630 vic
667 2553 873 2651 Magnifice,
897 2553 1092 2649 iocumque
1105 2553 1211 2628 eetvei
1239 2553 1292 2630 Sit
1304 2553 1384 2630 Tibi
1396 2554 1565 2650 propitius
1582 2555 1624 2630 l).
1638 2555 1679 2627 0.
1698 2557 1766 2642 M.‚

251 2675 370 2772 'daque
395 2671 540 2744 Raetore
563 2670 651 2745 hano
675 2683 830 2746 ooattam
852 2671 1063 2746 wastinam
1088 2673 1311 2748 Aoedamiem
1334 2674 1465 2748 aeliam
1490 2698 1565 2746 ease
1589 2675 1718 2750 iubeat.
