4926 6180
640 697 681 762 16
1235 698 1260 762 l.
1296 699 1321 762 l.
1357 693 1565 761 Plllll'S

639 903 845 1004 Theologia,
878 905 986 980 libere
1018 903 1166 978 exculta.
1217 904 1274 977 Sic
1307 905 1470 990 demum,
1496 927 1538 976 ea
1565 903 1701 976 illorum
1722 901 1869 992 iudicio,
1902 904 2054 1003 optimae
2082 906 2160 979 reli·

637 1022 734 1122 gioni
766 1025 990 1111 christianae,
1027 1048 1097 1098 non
1132 1024 1366 1122 antiquandas
1400 1047 1463 1096 nec
1495 1022 1731 1121 seponendus,
1768 1031 1807 1094 ut
1836 1023 1895 1098 alii
1927 1023 2067 1110 rolant,
2098 1023 2160 1096 sed

638 1143 883 1242 explicandae,
912 1144 1185 1243 promovendae,
1211 1143 1520 1228 consummandae,
1545 1141 1653 1216 honos
1680 1165 1876 1240 nomenque
1903 1168 2004 1216 suum
2035 1143 2159 1219 virtus·

637 1286 707 1359 que
738 1263 943 1338 manebunt.
996 1265 1143 1339 Remota
1176 1287 1255 1336 vero
1287 1263 1332 1338 ab
1365 1261 1561 1336 Academiia
1589 1263 1714 1336 nostris
1740 1263 1944 1362 Theologit,
1971 1263 2161 1338 verendum

636 1390 709 1468 est,
745 1406 790 1456 ne
822 1382 899 1481 ipsa
929 1384 1052 1482 religio
1085 1383 1322 1468 sanctissima,
1357 1383 1514 1456 omnium
1547 1382 1715 1455 virtutum
1741 1382 1968 1456 laudabilium
1991 1391 2102 1456 mater
2124 1393 2161 1458 et

634 1501 758 1590 altrix,
784 1503 978 1576 contemtui
994 1502 1184 1591 habeatur,
1209 1502 1393 1589 ecclesiae,
1418 1502 1511 1576 illius
1534 1501 1709 1600 religionis
1734 1503 1870 1576 fautrici
1896 1503 2160 1600 integerrimae,

634 1620 803 1695 damnum
830 1622 998 1696 inseratur
1018 1623 1239 1721 irreparabile
1266 1632 1302 1695 et
1326 1623 1456 1720 patriae
1479 1621 1675 1696 carissimae
1699 1623 1811 1720 magis
1834 1645 1939 1720 quam
1963 1621 2031 1695 dici
2050 1621 2161 1720 possit

633 1749 809 1816 noceatm.
859 1741 1014 1815 Videant
1049 1743 1229 1830 consules,
1267 1767 1307 1817 ea
1346 1741 1528 1820 hominum
1562 1742 1802 1838 superstitione
1835 1750 1896 1815 aut
1933 1741 2069 1816 inscitia
2097 1749 2160 1815 aut

631 1859 789 1934 moribus
821 1861 1000 1935 dissolutis
1023 1887 1069 1936 ne
1094 1863 1180 1960 quid
1205 1862 1403 1936 detrimenti
1426 1861 1538 1960 capiat
1561 1861 1772 1958 respublical

681 2098 752 2172 Sed
774 2099 938 2173 audiatur
960 2111 996 2174 et
1020 2103 1126 2174 alters
1151 2101 1250 2200 pars!
1288 2101 1353 2173 Est
1378 2101 1471 2174 enim
1495 2099 1643 2174 scholam
1667 2101 1756 2172 inter
1777 2107 1812 2172 et
1837 2099 2015 2172 ecclesiam
2036 2107 2160 2172 mutua

630 2217 802 2315 quaedam
826 2219 1042 2308 coniunctio,
1068 2221 1212 2294 minime
1235 2220 1452 2319 negligenda.
1491 2217 1652 2292 Vidimus
1674 2228 1811 2304 autem,
1837 2219 1910 2292 sine
1932 2217 2048 2292 schola
2069 2226 2158 2292 stare

628 2361 698 2410 non
725 2362 826 2434 posse
849 2340 1040 2414 ecclesiam.
1092 2341 1168 2413 Iam
1193 2364 1271 2412 vero
1299 2349 1334 2412 et
1360 2339 1433 2413 sine
1461 2339 1603 2412 ecclesia
1627 2337 1812 2414 consistere
1839 2361 1908 2410 non
1933 2361 2035 2436 posse
2060 2337 2156 2410 scho-

627 2456 697 2532 lam
723 2481 800 2532 vsre
826 2459 1056 2558 theologicam
1081 2459 1229 2534 fidenter
1252 2459 1416 2557 equidem
1443 2459 1584 2532 affirmo.
1636 2458 1742 2546 Quod
1770 2467 1886 2530 tamen
1917 2455 2025 2554 probe
2057 2456 2156 2529 intel·

627 2575 743 2674 ligatis
774 2579 886 2653 velim.
937 2579 1030 2652 Nam
1056 2579 1086 2652 si
1110 2605 1339 2678 unaquaeque
1365 2579 1434 2652 veri
1456 2579 1605 2665 nominis
1627 2577 1807 2675 disciplina
1830 2577 1896 2650 sibi
1917 2585 2052 2650 constat
2076 2599 2157 2650 cau·

627 2720 791 2794 samque,
818 2723 879 2772 cur
899 2699 1086 2787 excolitur,
1113 2700 1149 2772 in
1176 2724 1213 2772 se
1234 2699 1309 2797 ipsa
1331 2697 1458 2772 habere
1479 2697 1716 2785 existimatur,
1742 2697 1812 2770 veri
1833 2697 1962 2795 quippe
1987 2697 2157 2785 studiosa,

625 2826 796 2904 nonest,
835 2818 930 2914 quod
966 2817 1010 2890 de
1039 2818 1227 2918 Theologia
1261 2820 1360 2892 aliter
1397 2827 1601 2890 statuamus.
1653 2817 1750 2890 Haec
1788 2815 1878 2890 enim
1918 2816 2070 2890 veritatis
2104 2824 2158 2890 est

627 2937 897 3023 studiosissima,
932 2947 968 3009 et
1003 2938 1155 3011 rentatis
1190 2939 1334 3036 quidem
1362 2937 1689 3036 ethico-religiosae,
1723 2937 1761 3011 id
1794 2945 1847 3010 est
1873 2959 2040 3010 summae.
2091 2935 2158 3009 Vel

626 3057 675 3130 sic
711 3067 827 3130 tamen
855 3081 945 3129 arnon
970 3057 1122 3145 scholae,
1149 3054 1210 3128 sed
1233 3055 1346 3128 vitae''
1374 3054 1576 3128 discendum
1602 3077 1677 3127 esse
1700 3063 1791 3127 recte
1819 3063 1970 3127 monent.
2022 3055 2156 3131 Quem·

625 3175 815 3252 admodum
854 3177 891 3251 in
916 3177 1105 3251 Academia
1138 3177 1193 3248 ius
1228 3175 1371 3262 colitur,
1409 3185 1448 3247 ut
1481 3199 1561 3247 suos
1588 3173 1708 3247 civitas
1736 3172 1861 3246 habeat
1885 3173 2156 3262 iureconsultus,

625 3305 661 3370 et
684 3296 874 3382 medicina,
913 3309 953 3368 ut
988 3297 1120 3394 aegroti
1145 3304 1330 3382 sanentur,
1355 3295 1403 3368 ita
1433 3303 1469 3368 et
1503 3319 1640 3367 summa
1667 3317 1733 3391 ope
1759 3293 1824 3366 niti
1851 3293 1951 3366 decet
1977 3291 2157 3391 theologos

623 3415 869 3502 Academicos,
896 3433 936 3488 ut
959 3441 979 3488 e
1004 3415 1119 3489 schola
1151 3415 1320 3512 prodeant
1348 3413 1510 3488 ecclesiae
1534 3413 1693 3486 doctores
1723 3413 1810 3486 bene
1837 3413 2049 3512 praeparati,
2084 3437 2157 3486 uon

624 3535 753 3610 eruditi
777 3545 932 3620 tantum,
959 3535 1071 3608 sedet
1097 3535 1225 3610 exculti
1238 3535 1439 3632 Christique
1464 3534 1587 3633 spiritu
1611 3534 1749 3631 penitus
1776 3531 1913 3606 imbuti.
1967 3533 2026 3607 Sal
2046 3532 2157 3606 insul·

625 3679 705 3730 sum
729 3655 900 3729 obiicitur.
951 3656 997 3727 Et
1030 3655 1136 3730 habet
1165 3664 1281 3728 nostra
1317 3655 1516 3752 disciplina,
1554 3652 1648 3751 quod
1682 3653 1842 3726 ecclesiae
1876 3652 2100 3739 christianae,
2136 3677 2157 3726 e

624 3799 694 3874 qua
718 3785 794 3848 orta
816 3784 887 3862 est,
914 3774 1039 3848 lubens
1061 3774 1223 3848 inserviat
1246 3773 1390 3871 eiusque
1409 3773 1590 3846 commoda
1613 3782 1719 3846 curet.
1770 3771 1928 3844 Postulat
1956 3771 2086 3868 pietas,
2116 3779 2156 3844 ut

625 3891 669 3968 n'e
696 3905 805 3968 matre
833 3894 1013 3992 indignam
1048 3918 1084 3966 rc
1120 3902 1269 3991 praestet
1300 3893 1370 3966 filia
1396 3891 1516 3966 adulta
1551 3915 1720 3988 suamque
1745 3915 1827 3990 erga
1856 3901 2000 3963 matrem
2034 3889 2154 3964 obscr-

628 4013 778 4088 vantiam
816 4012 916 4087 lactis
950 4013 1095 4110 probare
1127 4013 1303 4086 detrectet.
1355 4011 1424 4085 Sed
1460 4011 1553 4099 lieri,
1588 4035 1643 4083 me
1674 4010 1808 4108 judice,
1846 4011 1902 4083 vix
1929 4019 1990 4084 aut
2017 4033 2062 4083 na
2098 4010 2155 4084 vix
2264 4083 2266 4086 .

626 4133 767 4232 quidem
790 4132 889 4206 aliter
918 4142 1052 4230 potest,
1078 4132 1161 4230 quin
1186 4131 1369 4230 theologus
1395 4155 1473 4204 vere
1499 4130 1723 4216 christianus,
1758 4129 2055 4217 Protestantismi,
2091 4129 2156 4227 qui

626 4253 771 4340 dicitur,
798 4251 975 4350 principiis
1000 4253 1181 4339 addictus,
1209 4252 1430 4348 religionem,
1456 4251 1514 4324 cui
1537 4275 1676 4323 omnem
1701 4249 1775 4348 ipse
1799 4249 1903 4323 debet
1927 4249 2034 4322 animi
2059 4248 2153 4322 fidu·

624 4372 712 4448 eiam
737 4373 813 4446 Deo
837 4370 1046 4468 Christoque
1068 4359 1242 4458 habitam,
1269 4394 1337 4443 non
1368 4369 1471 4443 modo
1492 4367 1683 4467 intelligere
1706 4369 1860 4457 studeat,
1895 4368 1958 4442 sed
1981 4369 2088 4442 simul
2113 4377 2152 4442 et

625 4517 688 4592 pro
727 4491 857 4564 viribus
893 4500 1091 4588 promoveat
1126 4500 1162 4565 et
1196 4492 1360 4565 omnibus
1395 4488 1616 4564 commendet
1652 4488 1858 4563 hominibus.
1894 4487 1995 4561 Hoc
2028 4497 2148 4563 autem

626 4611 712 4710 quid
733 4609 828 4684 aliud
853 4619 925 4698 est,
959 4609 1118 4698 obsecro,
1150 4635 1255 4708 quam
1278 4609 1440 4708 prodesse
1463 4608 1650 4682 ecclesiae?
1688 4608 1739 4681 Ut
1759 4608 1867 4705 igitur
1889 4605 2038 4704 quisque
2059 4606 2149 4704 opti·

624 4757 704 4808 mus
735 4741 789 4806 est
820 4742 856 4804 et
893 4729 1069 4828 religionis
1101 4729 1360 4804 amantissimus
1390 4737 1426 4802 et
1455 4727 1641 4802 adomnia
1669 4727 1823 4800 bonaco
1852 4723 1968 4797 divina
1995 4724 2149 4800 maxime

625 4852 857 4952 compositus,
892 4851 942 4925 ita
973 4850 1039 4924 erit
1074 4851 1119 4924 ad
1154 4849 1378 4948 Theologiam
1411 4847 1633 4922 excolendam
1661 4857 1697 4921 et
1718 4845 1908 4921 docendam
1932 4843 2148 4943 aptissimus.
