<?xml version="1.0" encoding="UTF-8"?>
<!DOCTYPE html PUBLIC "-//W3C//DTD XHTML 1.0 Transitional//EN"
    "http://www.w3.org/TR/xhtml1/DTD/xhtml1-transitional.dtd">
<html xmlns="http://www.w3.org/1999/xhtml" xml:lang="en" lang="en">
 <head>
  <title>
</title>
<meta http-equiv="Content-Type" content="text/html;charset=utf-8" />
  <meta name='ocr-system' content='tesseract 3.04.00' />
  <meta name='ocr-capabilities' content='ocr_page ocr_carea ocr_par ocr_line ocrx_word'/>
</head>
<body>
  <div class='ocr_page' id='page_1' title='image "annalesacademic01unkngoog_0023.png"; bbox 0 0 4926 6180; ppageno 0'>
   <div class='ocr_carea' id='block_1_1' title="bbox 662 631 1601 701">
    <p class='ocr_par' dir='ltr' id='par_1_1' title="bbox 662 631 1601 701">
     <span class='ocr_line' id='line_1_1' title="bbox 662 631 1601 701; baseline -0.002 -3"><span class='ocrx_word' id='word_1_1' title='bbox 662 632 704 698; x_wconf 81' lang='lat'><strong>12</strong></span> <span class='ocrx_word' id='word_1_2' title='bbox 1248 631 1601 701; x_wconf 71' lang='lat' dir='ltr'><strong>stralus</strong></span> 
     </span>
    </p>
   </div>
   <div class='ocr_carea' id='block_1_2' title="bbox 655 839 2187 1778">
    <p class='ocr_par' dir='ltr' id='par_1_2' title="bbox 655 839 2187 1778">
     <span class='ocr_line' id='line_1_2' title="bbox 655 839 2187 946; baseline 0.001 -32"><span class='ocrx_word' id='word_1_3' title='bbox 655 866 695 946; x_wconf 84' lang='lat' dir='ltr'><strong>ao</strong></span> <span class='ocrx_word' id='word_1_4' title='bbox 727 839 814 916; x_wconf 85' lang='lat' dir='ltr'><strong>serre</strong></span> <span class='ocrx_word' id='word_1_5' title='bbox 842 840 960 941; x_wconf 81' lang='lat' dir='ltr'><strong>possit.</strong></span> <span class='ocrx_word' id='word_1_6' title='bbox 1010 841 1197 939; x_wconf 79' lang='lat' dir='ltr'>Tempora,</span> <span class='ocrx_word' id='word_1_7' title='bbox 1222 839 1329 917; x_wconf 87' lang='lat' dir='ltr'><strong>cheul</strong></span> <span class='ocrx_word' id='word_1_8' title='bbox 1365 840 1603 928; x_wconf 79' lang='lat' dir='ltr'><strong>recordamur,</strong></span> <span class='ocrx_word' id='word_1_9' title='bbox 1629 839 1673 915; x_wconf 88' lang='lat' dir='ltr'><strong>ab</strong></span> <span class='ocrx_word' id='word_1_10' title='bbox 1698 839 1765 914; x_wconf 90' lang='lat' dir='ltr'><strong>isto</strong></span> <span class='ocrx_word' id='word_1_11' title='bbox 1792 863 1909 914; x_wconf 88' lang='lat' dir='ltr'><strong>rerum</strong></span> <span class='ocrx_word' id='word_1_12' title='bbox 1935 849 2031 916; x_wconf 88' lang='lat' dir='ltr'><strong>statu</strong></span> <span class='ocrx_word' id='word_1_13' title='bbox 2063 865 2187 939; x_wconf 88' lang='lat' dir='ltr'><strong>parum</strong></span> 
     </span>
     <span class='ocr_line' id='line_1_3' title="bbox 657 959 2187 1060; baseline 0 -24"><span class='ocrx_word' id='word_1_14' title='bbox 657 961 786 1050; x_wconf 87' lang='lat' dir='ltr'><strong>aliena,</strong></span> <span class='ocrx_word' id='word_1_15' title='bbox 819 987 929 1060; x_wconf 92' lang='lat' dir='ltr'><strong>quum</strong></span> <span class='ocrx_word' id='word_1_16' title='bbox 955 960 1208 1060; x_wconf 84' lang='lat' dir='ltr'><strong>dogmatismus</strong></span> <span class='ocrx_word' id='word_1_17' title='bbox 1229 959 1415 1034; x_wconf 90' lang='lat' dir='ltr'><strong>acerrimus</strong></span> <span class='ocrx_word' id='word_1_18' title='bbox 1440 959 1672 1058; x_wconf 81' lang='lat' dir='ltr'>principatum</span> <span class='ocrx_word' id='word_1_19' title='bbox 1699 967 1832 1034; x_wconf 88' lang='lat' dir='ltr'><strong>teneret</strong></span> <span class='ocrx_word' id='word_1_20' title='bbox 1857 959 1893 1034; x_wconf 95' lang='lat' dir='ltr'><strong>in</strong></span> <span class='ocrx_word' id='word_1_21' title='bbox 1923 961 2074 1036; x_wconf 88' lang='lat' dir='ltr'><strong>ecclesis.</strong></span> <span class='ocrx_word' id='word_1_22' title='bbox 2118 961 2187 1036; x_wconf 88' lang='lat' dir='ltr'><strong>Sed</strong></span> 
     </span>
     <span class='ocr_line' id='line_1_4' title="bbox 659 1079 2186 1182; baseline 0 -26"><span class='ocrx_word' id='word_1_23' title='bbox 659 1084 752 1156; x_wconf 93' lang='lat' dir='ltr'><strong>idem</strong></span> <span class='ocrx_word' id='word_1_24' title='bbox 782 1083 934 1169; x_wconf 90' lang='lat' dir='ltr'><strong>affirmo,</strong></span> <span class='ocrx_word' id='word_1_25' title='bbox 967 1089 1124 1182; x_wconf 89' lang='lat' dir='ltr'><strong>tempora</strong></span> <span class='ocrx_word' id='word_1_26' title='bbox 1150 1081 1208 1156; x_wconf 89' lang='lat' dir='ltr'><strong>illa</strong></span> <span class='ocrx_word' id='word_1_27' title='bbox 1237 1079 1344 1156; x_wconf 84' lang='lat' dir='ltr'><strong>fuisse</strong></span> <span class='ocrx_word' id='word_1_28' title='bbox 1369 1079 1418 1154; x_wconf 91' lang='lat' dir='ltr'><strong>rei</strong></span> <span class='ocrx_word' id='word_1_29' title='bbox 1441 1079 1646 1154; x_wconf 78' lang='lat' dir='ltr'><strong>christianae</strong></span> <span class='ocrx_word' id='word_1_30' title='bbox 1670 1080 1922 1178; x_wconf 80' lang='lat' dir='ltr'><strong>promovendae</strong></span> <span class='ocrx_word' id='word_1_31' title='bbox 1947 1080 2088 1181; x_wconf 90' lang='lat' dir='ltr'><strong>iniqua,</strong></span> <span class='ocrx_word' id='word_1_32' title='bbox 2114 1081 2186 1156; x_wconf 86' lang='lat' dir='ltr'><strong>lan·</strong></span> 
     </span>
     <span class='ocr_line' id='line_1_5' title="bbox 659 1200 2186 1301; baseline 0.002 -26"><span class='ocrx_word' id='word_1_33' title='bbox 659 1203 776 1299; x_wconf 86' lang='lat' dir='ltr'><strong>guisse</strong></span> <span class='ocrx_word' id='word_1_34' title='bbox 799 1200 857 1276; x_wconf 94' lang='lat' dir='ltr'><strong>illo</strong></span> <span class='ocrx_word' id='word_1_35' title='bbox 881 1227 965 1276; x_wconf 87' lang='lat' dir='ltr'><strong>aevo</strong></span> <span class='ocrx_word' id='word_1_36' title='bbox 991 1209 1027 1276; x_wconf 93' lang='lat' dir='ltr'><strong>et</strong></span> <span class='ocrx_word' id='word_1_37' title='bbox 1054 1224 1272 1299; x_wconf 92' lang='lat' dir='ltr'><strong>summopere</strong></span> <span class='ocrx_word' id='word_1_38' title='bbox 1300 1209 1494 1298; x_wconf 73' lang='lat' dir='ltr'><strong>aegrotasse</strong></span> <span class='ocrx_word' id='word_1_39' title='bbox 1518 1200 1715 1288; x_wconf 88' lang='lat' dir='ltr'><strong>ecclesiam,</strong></span> <span class='ocrx_word' id='word_1_40' title='bbox 1742 1200 1826 1298; x_wconf 92' lang='lat' dir='ltr'><strong>quin</strong></span> <span class='ocrx_word' id='word_1_41' title='bbox 1848 1201 1959 1298; x_wconf 86' lang='lat' dir='ltr'><strong>ipsam</strong></span> <span class='ocrx_word' id='word_1_42' title='bbox 1984 1201 2186 1301; x_wconf 79' lang='lat' dir='ltr'><strong>religionem</strong></span> 
     </span>
     <span class='ocr_line' id='line_1_6' title="bbox 658 1319 2184 1422; baseline 0.001 -26"><span class='ocrx_word' id='word_1_43' title='bbox 658 1323 839 1398; x_wconf 89' lang='lat' dir='ltr'><strong>coelestem</strong></span> <span class='ocrx_word' id='word_1_44' title='bbox 864 1347 953 1422; x_wconf 90' lang='lat' dir='ltr'><strong>pene</strong></span> <span class='ocrx_word' id='word_1_45' title='bbox 976 1347 1115 1398; x_wconf 91' lang='lat' dir='ltr'><strong>omnem</strong></span> <span class='ocrx_word' id='word_1_46' title='bbox 1140 1321 1230 1396; x_wconf 82' lang='lat' dir='ltr'><strong>foras</strong></span> <span class='ocrx_word' id='word_1_47' title='bbox 1255 1319 1433 1418; x_wconf 84' lang='lat' dir='ltr'><strong>aufugisse</strong></span> <span class='ocrx_word' id='word_1_48' title='bbox 1456 1327 1492 1392; x_wconf 91' lang='lat' dir='ltr'><strong>et</strong></span> <span class='ocrx_word' id='word_1_49' title='bbox 1515 1319 1552 1394; x_wconf 92' lang='lat' dir='ltr'><strong>in</strong></span> <span class='ocrx_word' id='word_1_50' title='bbox 1576 1319 1761 1408; x_wconf 81' lang='lat' dir='ltr'><strong>ecclesiolis</strong></span> <span class='ocrx_word' id='word_1_51' title='bbox 1785 1320 1960 1410; x_wconf 84' lang='lat' dir='ltr'><strong>exulasse,</strong></span> <span class='ocrx_word' id='word_1_52' title='bbox 1986 1321 2049 1396; x_wconf 92' lang='lat' dir='ltr'><strong>ubi</strong></span> <span class='ocrx_word' id='word_1_53' title='bbox 2070 1347 2184 1398; x_wconf 89' lang='lat' dir='ltr'><strong>coram</strong></span> 
     </span>
     <span class='ocr_line' id='line_1_7' title="bbox 657 1439 2183 1539; baseline 0.001 -25"><span class='ocrx_word' id='word_1_54' title='bbox 657 1443 732 1516; x_wconf 91' lang='lat' dir='ltr'><strong>Deo</strong></span> <span class='ocrx_word' id='word_1_55' title='bbox 753 1443 886 1517; x_wconf 83' lang='lat' dir='ltr'><strong>iarrtore</strong></span> <span class='ocrx_word' id='word_1_56' title='bbox 909 1443 1028 1518; x_wconf 90' lang='lat' dir='ltr'><strong>matris</strong></span> <span class='ocrx_word' id='word_1_57' title='bbox 1052 1441 1246 1518; x_wconf 87' lang='lat' dir='ltr'><strong>carissimae</strong></span> <span class='ocrx_word' id='word_1_58' title='bbox 1266 1440 1402 1514; x_wconf 87' lang='lat' dir='ltr'><strong>ruinam</strong></span> <span class='ocrx_word' id='word_1_59' title='bbox 1425 1439 1559 1539; x_wconf 90' lang='lat' dir='ltr'><strong>lugeret</strong></span> <span class='ocrx_word' id='word_1_60' title='bbox 1580 1465 1620 1516; x_wconf 92' lang='lat' dir='ltr'><strong>ac</strong></span> <span class='ocrx_word' id='word_1_61' title='bbox 1638 1440 1840 1538; x_wconf 87' lang='lat' dir='ltr'><strong>deploraret.</strong></span> <span class='ocrx_word' id='word_1_62' title='bbox 1871 1439 1973 1516; x_wconf 77' lang='lat' dir='ltr'><strong>Ferit</strong></span> <span class='ocrx_word' id='word_1_63' title='bbox 1994 1441 2040 1518; x_wconf 90' lang='lat' dir='ltr'><strong>D.</strong></span> <span class='ocrx_word' id='word_1_64' title='bbox 2054 1442 2098 1518; x_wconf 92' lang='lat'><strong>0.</strong></span> <span class='ocrx_word' id='word_1_65' title='bbox 2112 1444 2183 1531; x_wconf 67' lang='lat' dir='ltr'><strong>M„</strong></span> 
     </span>
     <span class='ocr_line' id='line_1_8' title="bbox 657 1557 2183 1660; baseline 0.001 -25"><span class='ocrx_word' id='word_1_66' title='bbox 657 1571 698 1635; x_wconf 91' lang='lat' dir='ltr'><strong>ut</strong></span> <span class='ocrx_word' id='word_1_67' title='bbox 731 1563 902 1638; x_wconf 88' lang='lat' dir='ltr'><strong>eiusmodi</strong></span> <span class='ocrx_word' id='word_1_68' title='bbox 937 1586 1118 1660; x_wconf 86' lang='lat' dir='ltr'><strong>nunquam</strong></span> <span class='ocrx_word' id='word_1_69' title='bbox 1154 1559 1273 1634; x_wconf 89' lang='lat' dir='ltr'><strong>redeat</strong></span> <span class='ocrx_word' id='word_1_70' title='bbox 1303 1557 1458 1656; x_wconf 89' lang='lat' dir='ltr'><strong>regimen</strong></span> <span class='ocrx_word' id='word_1_71' title='bbox 1486 1581 1577 1631; x_wconf 92' lang='lat' dir='ltr'><strong>mere</strong></span> <span class='ocrx_word' id='word_1_72' title='bbox 1600 1557 1838 1658; x_wconf 88' lang='lat' dir='ltr'><strong>dogmaticum</strong></span> <span class='ocrx_word' id='word_1_73' title='bbox 1863 1583 1969 1658; x_wconf 88' lang='lat' dir='ltr'><strong>seque</strong></span> <span class='ocrx_word' id='word_1_74' title='bbox 1995 1587 2016 1636; x_wconf 87' lang='lat' dir='ltr'><strong>a</strong></span> <span class='ocrx_word' id='word_1_75' title='bbox 2038 1561 2183 1636; x_wconf 83' lang='lat' dir='ltr'><strong>Theolo-</strong></span> 
     </span>
     <span class='ocr_line' id='line_1_9' title="bbox 656 1675 2180 1778; baseline 0.002 -24"><span class='ocrx_word' id='word_1_76' title='bbox 656 1682 734 1778; x_wconf 90' lang='lat' dir='ltr'><strong>giae</strong></span> <span class='ocrx_word' id='word_1_77' title='bbox 768 1681 1100 1757; x_wconf 85' lang='lat' dir='ltr'><strong>commutationibus</strong></span> <span class='ocrx_word' id='word_1_78' title='bbox 1132 1706 1172 1756; x_wconf 91' lang='lat' dir='ltr'><strong>ao</strong></span> <span class='ocrx_word' id='word_1_79' title='bbox 1206 1675 1510 1765; x_wconf 86' lang='lat' dir='ltr'><strong>subversionibus,</strong></span> <span class='ocrx_word' id='word_1_80' title='bbox 1544 1685 1715 1776; x_wconf 88' lang='lat' dir='ltr'><strong>quantum</strong></span> <span class='ocrx_word' id='word_1_81' title='bbox 1736 1677 1810 1752; x_wconf 90' lang='lat' dir='ltr'><strong>fleri</strong></span> <span class='ocrx_word' id='word_1_82' title='bbox 1836 1679 1964 1778; x_wconf 88' lang='lat' dir='ltr'><strong>possit,</strong></span> <span class='ocrx_word' id='word_1_83' title='bbox 1989 1680 2180 1758; x_wconf 89' lang='lat' dir='ltr'><strong>immunem</strong></span> 
     </span>
    </p>
   </div>
   <div class='ocr_carea' id='block_1_3' title="bbox 656 1799 1219 1899">
    <p class='ocr_par' dir='ltr' id='par_1_3' title="bbox 656 1799 1219 1899">
     <span class='ocr_line' id='line_1_10' title="bbox 656 1799 1219 1899; baseline -0.002 -25"><span class='ocrx_word' id='word_1_84' title='bbox 656 1810 807 1899; x_wconf 88' lang='lat' dir='ltr'><strong>praestet</strong></span> <span class='ocrx_word' id='word_1_85' title='bbox 831 1802 1034 1876; x_wconf 83' lang='lat' dir='ltr'><strong>Reformuta</strong></span> <span class='ocrx_word' id='word_1_86' title='bbox 1059 1799 1219 1875; x_wconf 88' lang='lat' dir='ltr'><strong>ecolesiul</strong></span> 
     </span>
    </p>
   </div>
   <div class='ocr_carea' id='block_1_4' title="bbox 1271 2059 1564 2076">
    <p class='ocr_par' dir='ltr' id='par_1_4' title="bbox 1271 2059 1564 2076">
     <span class='ocr_line' id='line_1_11' title="bbox 1271 2059 1564 2076; baseline 0 -4"><span class='ocrx_word' id='word_1_87' title='bbox 1271 2059 1564 2076; x_wconf 75' lang='lat' dir='ltr'>——u—</span> 
     </span>
    </p>
   </div>
   <div class='ocr_carea' id='block_1_5' title="bbox 701 2275 2308 2376">
    <p class='ocr_par' dir='ltr' id='par_1_5' title="bbox 701 2275 2308 2376">
     <span class='ocr_line' id='line_1_12' title="bbox 701 2275 2308 2376; baseline 0.001 -26"><span class='ocrx_word' id='word_1_88' title='bbox 701 2277 794 2350; x_wconf 87' lang='lat' dir='ltr'><strong>Sunt</strong></span> <span class='ocrx_word' id='word_1_89' title='bbox 828 2302 910 2375; x_wconf 93' lang='lat' dir='ltr'><strong>ergo</strong></span> <span class='ocrx_word' id='word_1_90' title='bbox 942 2319 991 2334; x_wconf 87' lang='lat'>-</span> <span class='ocrx_word' id='word_1_91' title='bbox 1026 2277 1076 2353; x_wconf 87' lang='lat' dir='ltr'><strong>ita</strong></span> <span class='ocrx_word' id='word_1_92' title='bbox 1108 2277 1251 2352; x_wconf 83' lang='lat' dir='ltr'><strong>forsitan</strong></span> <span class='ocrx_word' id='word_1_93' title='bbox 1287 2277 1365 2376; x_wconf 88' lang='lat' dir='ltr'><strong>quis</strong></span> <span class='ocrx_word' id='word_1_94' title='bbox 1397 2277 1490 2352; x_wconf 91' lang='lat' dir='ltr'><strong>dicta</strong></span> <span class='ocrx_word' id='word_1_95' title='bbox 1525 2275 1664 2375; x_wconf 90' lang='lat' dir='ltr'><strong>colligat</strong></span> <span class='ocrx_word' id='word_1_96' title='bbox 1690 2320 1739 2336; x_wconf 89' lang='lat'><em>-</em></span> <span class='ocrx_word' id='word_1_97' title='bbox 1766 2286 1801 2352; x_wconf 93' lang='lat' dir='ltr'><strong>te</strong></span> <span class='ocrx_word' id='word_1_98' title='bbox 1823 2277 1954 2366; x_wconf 90' lang='lat' dir='ltr'><strong>iudice,</strong></span> <span class='ocrx_word' id='word_1_99' title='bbox 1978 2299 2024 2352; x_wconf 90' lang='lat' dir='ltr'><strong>ne</strong></span> <span class='ocrx_word' id='word_1_100' title='bbox 2048 2276 2176 2352; x_wconf 91' lang='lat' dir='ltr'><strong>scilicet</strong></span> <span class='ocrx_word' id='word_1_101' title='bbox 2303 2310 2308 2318; x_wconf 90' lang='lat'><em>·</em></span> 
     </span>
    </p>
   </div>
   <div class='ocr_carea' id='block_1_6' title="bbox 643 2396 2179 3690">
    <p class='ocr_par' dir='ltr' id='par_1_6' title="bbox 643 2396 2179 3690">
     <span class='ocr_line' id='line_1_13' title="bbox 653 2396 2179 2496; baseline 0.001 -26"><span class='ocrx_word' id='word_1_102' title='bbox 653 2397 768 2470; x_wconf 89' lang='lat' dir='ltr'><strong>schola</strong></span> <span class='ocrx_word' id='word_1_103' title='bbox 799 2397 861 2470; x_wconf 86' lang='lat' dir='ltr'><strong>fiet</strong></span> <span class='ocrx_word' id='word_1_104' title='bbox 891 2397 1121 2472; x_wconf 85' lang='lat' dir='ltr'><strong>ecelesiastica</strong></span> <span class='ocrx_word' id='word_1_105' title='bbox 1144 2406 1206 2472; x_wconf 92' lang='lat' dir='ltr'><strong>aut</strong></span> <span class='ocrx_word' id='word_1_106' title='bbox 1227 2397 1429 2472; x_wconf 87' lang='lat' dir='ltr'><strong>scholastica</strong></span> <span class='ocrx_word' id='word_1_107' title='bbox 1452 2396 1613 2484; x_wconf 89' lang='lat' dir='ltr'><strong>ecclesia,</strong></span> <span class='ocrx_word' id='word_1_108' title='bbox 1638 2405 1659 2470; x_wconf 82' lang='lat' dir='ltr'><strong>u</strong></span> <span class='ocrx_word' id='word_1_109' title='bbox 1684 2421 1720 2470; x_wconf 92' lang='lat' dir='ltr'><strong>se</strong></span> <span class='ocrx_word' id='word_1_110' title='bbox 1745 2396 1891 2472; x_wconf 91' lang='lat' dir='ltr'><strong>invicem</strong></span> <span class='ocrx_word' id='word_1_111' title='bbox 1918 2421 2058 2495; x_wconf 89' lang='lat' dir='ltr'><strong>prorsus</strong></span> <span class='ocrx_word' id='word_1_112' title='bbox 2082 2421 2179 2496; x_wconf 89' lang='lat' dir='ltr'><strong>sepa·</strong></span> 
     </span>
     <span class='ocr_line' id='line_1_14' title="bbox 651 2515 2179 2616; baseline 0.001 -26"><span class='ocrx_word' id='word_1_113' title='bbox 651 2517 778 2590; x_wconf 87' lang='lat' dir='ltr'><strong>rendae</strong></span> <span class='ocrx_word' id='word_1_114' title='bbox 800 2517 942 2594; x_wconf 87' lang='lat' dir='ltr'><strong>ecclesia</strong></span> <span class='ocrx_word' id='word_1_115' title='bbox 967 2525 1003 2590; x_wconf 91' lang='lat' dir='ltr'><strong>et</strong></span> <span class='ocrx_word' id='word_1_116' title='bbox 1028 2517 1153 2593; x_wconf 89' lang='lat' dir='ltr'><strong>schola.</strong></span> <span class='ocrx_word' id='word_1_117' title='bbox 1202 2517 1421 2616; x_wconf 84' lang='lat' dir='ltr'><strong>Longissima</strong></span> <span class='ocrx_word' id='word_1_118' title='bbox 1437 2517 1548 2604; x_wconf 91' lang='lat' dir='ltr'><strong>absit,</strong></span> <span class='ocrx_word' id='word_1_119' title='bbox 1567 2515 1773 2590; x_wconf 85' lang='lat' dir='ltr'><strong>Auditorosl</strong></span> <span class='ocrx_word' id='word_1_120' title='bbox 1802 2523 1841 2590; x_wconf 89' lang='lat' dir='ltr'><strong>ut</strong></span> <span class='ocrx_word' id='word_1_121' title='bbox 1864 2516 1932 2590; x_wconf 91' lang='lat' dir='ltr'><strong>tale</strong></span> <span class='ocrx_word' id='word_1_122' title='bbox 1954 2516 2041 2615; x_wconf 88' lang='lat' dir='ltr'><strong>quid</strong></span> <span class='ocrx_word' id='word_1_123' title='bbox 2063 2525 2179 2592; x_wconf 90' lang='lat' dir='ltr'><strong>mente</strong></span> 
     </span>
     <span class='ocr_line' id='line_1_15' title="bbox 652 2635 2178 2736; baseline 0.002 -27"><span class='ocrx_word' id='word_1_124' title='bbox 652 2637 783 2712; x_wconf 91' lang='lat' dir='ltr'><strong>volvam</strong></span> <span class='ocrx_word' id='word_1_125' title='bbox 817 2645 879 2711; x_wconf 91' lang='lat' dir='ltr'><strong>aut</strong></span> <span class='ocrx_word' id='word_1_126' title='bbox 916 2636 1028 2710; x_wconf 90' lang='lat' dir='ltr'><strong>moliri</strong></span> <span class='ocrx_word' id='word_1_127' title='bbox 1065 2637 1191 2711; x_wconf 87' lang='lat' dir='ltr'><strong>videar.</strong></span> <span class='ocrx_word' id='word_1_128' title='bbox 1243 2637 1321 2710; x_wconf 91' lang='lat' dir='ltr'><strong>Imo</strong></span> <span class='ocrx_word' id='word_1_129' title='bbox 1358 2661 1436 2710; x_wconf 91' lang='lat' dir='ltr'><strong>vero</strong></span> <span class='ocrx_word' id='word_1_130' title='bbox 1470 2635 1610 2710; x_wconf 89' lang='lat' dir='ltr'><strong>easdam</strong></span> <span class='ocrx_word' id='word_1_131' title='bbox 1643 2636 1679 2710; x_wconf 91' lang='lat' dir='ltr'><strong>in</strong></span> <span class='ocrx_word' id='word_1_132' title='bbox 1707 2661 1743 2710; x_wconf 89' lang='lat' dir='ltr'><strong>rc</strong></span> <span class='ocrx_word' id='word_1_133' title='bbox 1778 2635 2079 2736; x_wconf 69' lang='lat' dir='ltr'><strong>christiana,arcte</strong></span> <span class='ocrx_word' id='word_1_134' title='bbox 2102 2661 2178 2712; x_wconf 90' lang='lat' dir='ltr'><strong>esse</strong></span> 
     </span>
     <span class='ocr_line' id='line_1_16' title="bbox 647 2753 2177 2854; baseline 0.002 -25"><span class='ocrx_word' id='word_1_135' title='bbox 647 2756 847 2830; x_wconf 87' lang='lat' dir='ltr'><strong>coniunctas</strong></span> <span class='ocrx_word' id='word_1_136' title='bbox 882 2764 918 2828; x_wconf 92' lang='lat' dir='ltr'><strong>et</strong></span> <span class='ocrx_word' id='word_1_137' title='bbox 952 2754 1232 2854; x_wconf 90' lang='lat' dir='ltr'><strong>coniungendas,</strong></span> <span class='ocrx_word' id='word_1_138' title='bbox 1265 2779 1379 2830; x_wconf 86' lang='lat' dir='ltr'><strong>coram</strong></span> <span class='ocrx_word' id='word_1_139' title='bbox 1411 2753 1522 2828; x_wconf 88' lang='lat' dir='ltr'><strong>Vobis</strong></span> <span class='ocrx_word' id='word_1_140' title='bbox 1552 2779 1607 2828; x_wconf 90' lang='lat' dir='ltr'><strong>me</strong></span> <span class='ocrx_word' id='word_1_141' title='bbox 1636 2756 1806 2829; x_wconf 89' lang='lat' dir='ltr'><strong>affirmare</strong></span> <span class='ocrx_word' id='word_1_142' title='bbox 1829 2755 2047 2831; x_wconf 88' lang='lat' dir='ltr'><strong>meministis.</strong></span> <span class='ocrx_word' id='word_1_143' title='bbox 2097 2757 2177 2832; x_wconf 93' lang='lat' dir='ltr'><strong>Hoc</strong></span> 
     </span>
     <span class='ocr_line' id='line_1_17' title="bbox 647 2873 2176 2975; baseline 0.001 -27"><span class='ocrx_word' id='word_1_144' title='bbox 647 2883 764 2950; x_wconf 88' lang='lat' dir='ltr'><strong>autem</strong></span> <span class='ocrx_word' id='word_1_145' title='bbox 798 2873 1005 2972; x_wconf 89' lang='lat' dir='ltr'><strong>probaturo,</strong></span> <span class='ocrx_word' id='word_1_146' title='bbox 1040 2884 1121 2949; x_wconf 85' lang='lat' dir='ltr'><strong>ante</strong></span> <span class='ocrx_word' id='word_1_147' title='bbox 1145 2873 1263 2948; x_wconf 90' lang='lat' dir='ltr'><strong>omnia</strong></span> <span class='ocrx_word' id='word_1_148' title='bbox 1287 2873 1400 2971; x_wconf 86' lang='lat' dir='ltr'><strong>Scylla</strong></span> <span class='ocrx_word' id='word_1_149' title='bbox 1424 2873 1511 2946; x_wconf 93' lang='lat' dir='ltr'><strong>mihi</strong></span> <span class='ocrx_word' id='word_1_150' title='bbox 1533 2875 1838 2949; x_wconf 88' lang='lat' dir='ltr'><strong>commonstranda</strong></span> <span class='ocrx_word' id='word_1_151' title='bbox 1862 2884 1935 2949; x_wconf 91' lang='lat' dir='ltr'><strong>erat</strong></span> <span class='ocrx_word' id='word_1_152' title='bbox 1961 2883 1997 2948; x_wconf 92' lang='lat' dir='ltr'><strong>et</strong></span> <span class='ocrx_word' id='word_1_153' title='bbox 2019 2877 2176 2975; x_wconf 88' lang='lat' dir='ltr'><strong>oppositu</strong></span> 
     </span>
     <span class='ocr_line' id='line_1_18' title="bbox 647 2975 2175 3092; baseline 0.001 -25"><span class='ocrx_word' id='word_1_154' title='bbox 647 2993 852 3092; x_wconf 85' lang='lat' dir='ltr'><strong>Charybdis.</strong></span> <span class='ocrx_word' id='word_1_155' title='bbox 901 2993 1061 3092; x_wconf 78' lang='lat' dir='ltr'><strong>Utrique</strong></span> <span class='ocrx_word' id='word_1_156' title='bbox 1085 2993 1155 3069; x_wconf 87' lang='lat' dir='ltr'><strong>ism</strong></span> <span class='ocrx_word' id='word_1_157' title='bbox 1183 2993 1372 3092; x_wconf 90' lang='lat' dir='ltr'><strong>prudenter</strong></span> <span class='ocrx_word' id='word_1_158' title='bbox 1394 2975 1544 3082; x_wconf 79' lang='lat' dir='ltr'><strong>eritatt,</strong></span> <span class='ocrx_word' id='word_1_159' title='bbox 1570 2993 1759 3068; x_wconf 89' lang='lat' dir='ltr'><strong>videndum</strong></span> <span class='ocrx_word' id='word_1_160' title='bbox 1782 2994 1884 3068; x_wconf 92' lang='lat' dir='ltr'><strong>nobis</strong></span> <span class='ocrx_word' id='word_1_161' title='bbox 1908 3002 1981 3083; x_wconf 86' lang='lat' dir='ltr'><strong>est,</strong></span> <span class='ocrx_word' id='word_1_162' title='bbox 2007 3019 2051 3070; x_wconf 88' lang='lat' dir='ltr'><strong>an</strong></span> <span class='ocrx_word' id='word_1_163' title='bbox 2071 2995 2175 3070; x_wconf 91' lang='lat' dir='ltr'><strong>etiam</strong></span> 
     </span>
     <span class='ocr_line' id='line_1_19' title="bbox 646 3111 2173 3212; baseline 0.002 -25"><span class='ocrx_word' id='word_1_164' title='bbox 646 3115 719 3188; x_wconf 92' lang='lat' dir='ltr'><strong>sine</strong></span> <span class='ocrx_word' id='word_1_165' title='bbox 752 3111 867 3186; x_wconf 87' lang='lat' dir='ltr'><strong>schola</strong></span> <span class='ocrx_word' id='word_1_166' title='bbox 901 3121 990 3188; x_wconf 91' lang='lat' dir='ltr'><strong>stare</strong></span> <span class='ocrx_word' id='word_1_167' title='bbox 1022 3113 1132 3212; x_wconf 89' lang='lat' dir='ltr'><strong>possit</strong></span> <span class='ocrx_word' id='word_1_168' title='bbox 1166 3139 1206 3188; x_wconf 90' lang='lat' dir='ltr'><strong>ac</strong></span> <span class='ocrx_word' id='word_1_169' title='bbox 1242 3115 1363 3188; x_wconf 87' lang='lat' dir='ltr'><strong>florere</strong></span> <span class='ocrx_word' id='word_1_170' title='bbox 1397 3113 1537 3188; x_wconf 86' lang='lat' dir='ltr'><strong>ecclesia</strong></span> <span class='ocrx_word' id='word_1_171' title='bbox 1568 3122 1629 3188; x_wconf 94' lang='lat' dir='ltr'><strong>aut</strong></span> <span class='ocrx_word' id='word_1_172' title='bbox 1661 3113 1738 3188; x_wconf 91' lang='lat' dir='ltr'><strong>sine</strong></span> <span class='ocrx_word' id='word_1_173' title='bbox 1771 3114 1914 3188; x_wconf 87' lang='lat' dir='ltr'><strong>ecclesio</strong></span> <span class='ocrx_word' id='word_1_174' title='bbox 1945 3113 2061 3190; x_wconf 88' lang='lat' dir='ltr'><strong>schola</strong></span> <span class='ocrx_word' id='word_1_175' title='bbox 2097 3139 2173 3190; x_wconf 90' lang='lat' dir='ltr'><strong>vere</strong></span> 
     </span>
     <span class='ocr_line' id='line_1_20' title="bbox 646 3232 2174 3334; baseline 0.001 -28"><span class='ocrx_word' id='word_1_176' title='bbox 646 3232 848 3332; x_wconf 88' lang='lat' dir='ltr'><strong>theologica.</strong></span> <span class='ocrx_word' id='word_1_177' title='bbox 899 3233 1005 3311; x_wconf 88' lang='lat' dir='ltr'><strong>Quod</strong></span> <span class='ocrx_word' id='word_1_178' title='bbox 1036 3242 1225 3332; x_wconf 88' lang='lat' dir='ltr'><strong>utrumque</strong></span> <span class='ocrx_word' id='word_1_179' title='bbox 1254 3233 1325 3322; x_wconf 91' lang='lat' dir='ltr'><strong>ita,</strong></span> <span class='ocrx_word' id='word_1_180' title='bbox 1356 3233 1500 3333; x_wconf 86' lang='lat' dir='ltr'><strong>opinor,</strong></span> <span class='ocrx_word' id='word_1_181' title='bbox 1524 3234 1724 3334; x_wconf 90' lang='lat' dir='ltr'><strong>negandum</strong></span> <span class='ocrx_word' id='word_1_182' title='bbox 1753 3243 1826 3322; x_wconf 88' lang='lat' dir='ltr'><strong>est,</strong></span> <span class='ocrx_word' id='word_1_183' title='bbox 1855 3242 1894 3307; x_wconf 92' lang='lat' dir='ltr'><strong>ut</strong></span> <span class='ocrx_word' id='word_1_184' title='bbox 1916 3233 2006 3308; x_wconf 88' lang='lat' dir='ltr'><strong>clara</strong></span> <span class='ocrx_word' id='word_1_185' title='bbox 2031 3235 2065 3309; x_wconf 94' lang='lat' dir='ltr'><strong>in</strong></span> <span class='ocrx_word' id='word_1_186' title='bbox 2098 3235 2174 3308; x_wconf 90' lang='lat' dir='ltr'><strong>luce</strong></span> 
     </span>
     <span class='ocr_line' id='line_1_21' title="bbox 644 3341 2175 3453; baseline 0.001 -27"><span class='ocrx_word' id='word_1_187' title='bbox 644 3363 793 3452; x_wconf 91' lang='lat' dir='ltr'><strong>ponatur</strong></span> <span class='ocrx_word' id='word_1_188' title='bbox 819 3353 1039 3427; x_wconf 86' lang='lat' dir='ltr'><strong>contrarium.</strong></span> <span class='ocrx_word' id='word_1_189' title='bbox 1091 3353 1148 3428; x_wconf 91' lang='lat' dir='ltr'><strong>Sic</strong></span> <span class='ocrx_word' id='word_1_190' title='bbox 1174 3353 1338 3442; x_wconf 91' lang='lat' dir='ltr'><strong>demum,</strong></span> <span class='ocrx_word' id='word_1_191' title='bbox 1365 3354 1510 3428; x_wconf 90' lang='lat' dir='ltr'><strong>aliorum</strong></span> <span class='ocrx_word' id='word_1_192' title='bbox 1533 3354 1716 3453; x_wconf 86' lang='lat' dir='ltr'><strong>naufragio</strong></span> <span class='ocrx_word' id='word_1_193' title='bbox 1740 3341 1882 3428; x_wconf 82' lang='lat' dir='ltr'><strong>meliora</strong></span> <span class='ocrx_word' id='word_1_194' title='bbox 1904 3354 2093 3443; x_wconf 88' lang='lat' dir='ltr'><strong>admoniti,</strong></span> <span class='ocrx_word' id='word_1_195' title='bbox 2114 3379 2175 3453; x_wconf 90' lang='lat' dir='ltr'><strong>per</strong></span> 
     </span>
     <span class='ocr_line' id='line_1_22' title="bbox 644 3470 2172 3573; baseline 0.001 -29"><span class='ocrx_word' id='word_1_196' title='bbox 644 3470 775 3544; x_wconf 90' lang='lat' dir='ltr'><strong>medios</strong></span> <span class='ocrx_word' id='word_1_197' title='bbox 799 3471 957 3569; x_wconf 91' lang='lat' dir='ltr'><strong>scopulos</strong></span> <span class='ocrx_word' id='word_1_198' title='bbox 985 3497 1065 3546; x_wconf 85' lang='lat' dir='ltr'><strong>mox</strong></span> <span class='ocrx_word' id='word_1_199' title='bbox 1092 3498 1332 3573; x_wconf 84' lang='lat' dir='ltr'><strong>procurramus</strong></span> <span class='ocrx_word' id='word_1_200' title='bbox 1355 3474 1392 3548; x_wconf 91' lang='lat' dir='ltr'><strong>in</strong></span> <span class='ocrx_word' id='word_1_201' title='bbox 1419 3499 1547 3572; x_wconf 86' lang='lat' dir='ltr'><strong>aequor</strong></span> <span class='ocrx_word' id='word_1_202' title='bbox 1574 3483 1656 3564; x_wconf 90' lang='lat' dir='ltr'><strong>aut,</strong></span> <span class='ocrx_word' id='word_1_203' title='bbox 1685 3473 1714 3547; x_wconf 91' lang='lat' dir='ltr'><strong>si</strong></span> <span class='ocrx_word' id='word_1_204' title='bbox 1742 3473 1874 3561; x_wconf 88' lang='lat' dir='ltr'><strong>mavis,</strong></span> <span class='ocrx_word' id='word_1_205' title='bbox 1899 3482 2016 3548; x_wconf 90' lang='lat' dir='ltr'><strong>tutum</strong></span> <span class='ocrx_word' id='word_1_206' title='bbox 2041 3473 2172 3547; x_wconf 92' lang='lat' dir='ltr'><strong>subibi-</strong></span> 
     </span>
     <span class='ocr_line' id='line_1_23' title="bbox 643 3589 1078 3690; baseline 0.005 -26"><span class='ocrx_word' id='word_1_207' title='bbox 643 3615 722 3664; x_wconf 93' lang='lat' dir='ltr'><strong>mus</strong></span> <span class='ocrx_word' id='word_1_208' title='bbox 748 3589 900 3666; x_wconf 88' lang='lat' dir='ltr'><strong>veritatis</strong></span> <span class='ocrx_word' id='word_1_209' title='bbox 924 3600 1078 3690; x_wconf 92' lang='lat' dir='ltr'><strong>portum.</strong></span> 
     </span>
    </p>
   </div>
   <div class='ocr_carea' id='block_1_7' title="bbox 638 3827 2172 4410">
    <p class='ocr_par' dir='ltr' id='par_1_7' title="bbox 638 3827 2172 4410">
     <span class='ocr_line' id='line_1_24' title="bbox 691 3827 2172 3934; baseline 0.003 -33"><span class='ocrx_word' id='word_1_210' title='bbox 691 3829 773 3904; x_wconf 87' lang='lat' dir='ltr'><strong>Sine</strong></span> <span class='ocrx_word' id='word_1_211' title='bbox 808 3827 923 3906; x_wconf 87' lang='lat' dir='ltr'><strong>schola</strong></span> <span class='ocrx_word' id='word_1_212' title='bbox 953 3829 1131 3904; x_wconf 88' lang='lat' dir='ltr'><strong>ecclesiam</strong></span> <span class='ocrx_word' id='word_1_213' title='bbox 1167 3830 1388 3907; x_wconf 88' lang='lat' dir='ltr'><strong>christianam</strong></span> <span class='ocrx_word' id='word_1_214' title='bbox 1423 3840 1513 3906; x_wconf 88' lang='lat' dir='ltr'><strong>stare</strong></span> <span class='ocrx_word' id='word_1_215' title='bbox 1547 3855 1615 3906; x_wconf 93' lang='lat' dir='ltr'><strong>non</strong></span> <span class='ocrx_word' id='word_1_216' title='bbox 1648 3857 1769 3934; x_wconf 83' lang='lat' dir='ltr'><strong>posse,</strong></span> <span class='ocrx_word' id='word_1_217' title='bbox 1806 3832 1935 3908; x_wconf 91' lang='lat' dir='ltr'><strong>nedum</strong></span> <span class='ocrx_word' id='word_1_218' title='bbox 1961 3831 2101 3919; x_wconf 88' lang='lat' dir='ltr'><strong>florere,</strong></span> <span class='ocrx_word' id='word_1_219' title='bbox 2133 3831 2172 3906; x_wconf 94' lang='lat' dir='ltr'><strong>id</strong></span> 
     </span>
     <span class='ocr_line' id='line_1_25' title="bbox 641 3947 2169 4050; baseline 0.001 -28"><span class='ocrx_word' id='word_1_220' title='bbox 641 3948 750 4047; x_wconf 90' lang='lat' dir='ltr'><strong>igitur</strong></span> <span class='ocrx_word' id='word_1_221' title='bbox 775 3947 810 4022; x_wconf 92' lang='lat' dir='ltr'><strong>in</strong></span> <span class='ocrx_word' id='word_1_222' title='bbox 840 3949 995 4024; x_wconf 79' lang='lat' dir='ltr'><strong>confesso</strong></span> <span class='ocrx_word' id='word_1_223' title='bbox 1018 3959 1081 4026; x_wconf 92' lang='lat' dir='ltr'><strong>est.</strong></span> <span class='ocrx_word' id='word_1_224' title='bbox 1132 3949 1250 4024; x_wconf 86' lang='lat' dir='ltr'><strong>Vitam</strong></span> <span class='ocrx_word' id='word_1_225' title='bbox 1276 3950 1418 4025; x_wconf 89' lang='lat' dir='ltr'><strong>ecclesia</strong></span> <span class='ocrx_word' id='word_1_226' title='bbox 1441 3951 1555 4039; x_wconf 81' lang='lat' dir='ltr'><strong>fovet,</strong></span> <span class='ocrx_word' id='word_1_227' title='bbox 1582 3959 1622 4024; x_wconf 95' lang='lat' dir='ltr'><strong>ut</strong></span> <span class='ocrx_word' id='word_1_228' title='bbox 1647 3952 1818 4040; x_wconf 91' lang='lat' dir='ltr'><strong>vidimus,</strong></span> <span class='ocrx_word' id='word_1_229' title='bbox 1844 3950 2169 4050; x_wconf 86' lang='lat' dir='ltr'><strong>ethico-religiosam</strong></span> 
     </span>
     <span class='ocr_line' id='line_1_26' title="bbox 640 4069 2170 4170; baseline 0.001 -28"><span class='ocrx_word' id='word_1_230' title='bbox 640 4093 786 4167; x_wconf 88' lang='lat' dir='ltr'><strong>eamque</strong></span> <span class='ocrx_word' id='word_1_231' title='bbox 820 4093 840 4142; x_wconf 90' lang='lat' dir='ltr'><strong>e</strong></span> <span class='ocrx_word' id='word_1_232' title='bbox 868 4069 1006 4144; x_wconf 85' lang='lat' dir='ltr'><strong>Christo</strong></span> <span class='ocrx_word' id='word_1_233' title='bbox 1033 4078 1144 4144; x_wconf 90' lang='lat' dir='ltr'><strong>ortam</strong></span> <span class='ocrx_word' id='word_1_234' title='bbox 1171 4080 1206 4145; x_wconf 92' lang='lat' dir='ltr'><strong>et</strong></span> <span class='ocrx_word' id='word_1_235' title='bbox 1228 4070 1352 4169; x_wconf 90' lang='lat' dir='ltr'><strong>spiritu</strong></span> <span class='ocrx_word' id='word_1_236' title='bbox 1377 4070 1453 4144; x_wconf 92' lang='lat' dir='ltr'><strong>eius</strong></span> <span class='ocrx_word' id='word_1_237' title='bbox 1477 4071 1669 4170; x_wconf 75' lang='lat' dir='ltr'><strong>repletamt</strong></span> <span class='ocrx_word' id='word_1_238' title='bbox 1706 4070 1768 4145; x_wconf 90' lang='lat' dir='ltr'><strong>sed</strong></span> <span class='ocrx_word' id='word_1_239' title='bbox 1792 4070 1875 4146; x_wconf 88' lang='lat' dir='ltr'><strong>haec</strong></span> <span class='ocrx_word' id='word_1_240' title='bbox 1903 4072 1972 4145; x_wconf 85' lang='lat' dir='ltr'><strong>vite</strong></span> <span class='ocrx_word' id='word_1_241' title='bbox 1996 4071 2075 4146; x_wconf 89' lang='lat' dir='ltr'><strong>talis</strong></span> <span class='ocrx_word' id='word_1_242' title='bbox 2097 4079 2170 4159; x_wconf 92' lang='lat' dir='ltr'><strong>est,</strong></span> 
     </span>
     <span class='ocr_line' id='line_1_27' title="bbox 641 4187 2172 4289; baseline 0.001 -27"><span class='ocrx_word' id='word_1_243' title='bbox 641 4197 680 4262; x_wconf 91' lang='lat' dir='ltr'><strong>ut</strong></span> <span class='ocrx_word' id='word_1_244' title='bbox 715 4187 866 4262; x_wconf 88' lang='lat' dir='ltr'><strong>veritatis</strong></span> <span class='ocrx_word' id='word_1_245' title='bbox 900 4188 1036 4263; x_wconf 89' lang='lat' dir='ltr'><strong>divinae</strong></span> <span class='ocrx_word' id='word_1_246' title='bbox 1070 4189 1146 4263; x_wconf 90' lang='lat' dir='ltr'><strong>luce</strong></span> <span class='ocrx_word' id='word_1_247' title='bbox 1169 4189 1325 4289; x_wconf 90' lang='lat' dir='ltr'><strong>indigeat</strong></span> <span class='ocrx_word' id='word_1_248' title='bbox 1353 4197 1388 4264; x_wconf 90' lang='lat' dir='ltr'><strong>et</strong></span> <span class='ocrx_word' id='word_1_249' title='bbox 1416 4190 1542 4265; x_wconf 87' lang='lat' dir='ltr'><strong>virtute</strong></span> <span class='ocrx_word' id='word_1_250' title='bbox 1567 4199 1795 4267; x_wconf 85' lang='lat' dir='ltr'><strong>sustentetur.</strong></span> <span class='ocrx_word' id='word_1_251' title='bbox 1847 4193 2003 4268; x_wconf 88' lang='lat' dir='ltr'><strong>Naturae</strong></span> <span class='ocrx_word' id='word_1_252' title='bbox 2028 4215 2111 4266; x_wconf 90' lang='lat' dir='ltr'><strong>suae</strong></span> <span class='ocrx_word' id='word_1_253' title='bbox 2137 4191 2172 4264; x_wconf 89' lang='lat' dir='ltr'><strong>vi</strong></span> 
     </span>
     <span class='ocr_line' id='line_1_28' title="bbox 638 4306 2168 4410; baseline 0.004 -32"><span class='ocrx_word' id='word_1_254' title='bbox 638 4306 744 4382; x_wconf 68' lang='lat' dir='ltr'><strong>insiti</strong></span> <span class='ocrx_word' id='word_1_255' title='bbox 774 4332 913 4382; x_wconf 90' lang='lat' dir='ltr'><strong>omnem</strong></span> <span class='ocrx_word' id='word_1_256' title='bbox 943 4309 1076 4408; x_wconf 86' lang='lat' dir='ltr'><strong>respuit</strong></span> <span class='ocrx_word' id='word_1_257' title='bbox 1106 4333 1254 4384; x_wconf 88' lang='lat' dir='ltr'><strong>errorem</strong></span> <span class='ocrx_word' id='word_1_258' title='bbox 1286 4318 1391 4408; x_wconf 87' lang='lat' dir='ltr'><strong>atque</strong></span> <span class='ocrx_word' id='word_1_259' title='bbox 1421 4310 1457 4383; x_wconf 94' lang='lat' dir='ltr'><strong>id</strong></span> <span class='ocrx_word' id='word_1_260' title='bbox 1488 4311 1582 4410; x_wconf 86' lang='lat' dir='ltr'><strong>agit,</strong></span> <span class='ocrx_word' id='word_1_261' title='bbox 1608 4319 1647 4385; x_wconf 91' lang='lat' dir='ltr'><strong>ut</strong></span> <span class='ocrx_word' id='word_1_262' title='bbox 1668 4312 1712 4385; x_wconf 93' lang='lat' dir='ltr'><strong>de</strong></span> <span class='ocrx_word' id='word_1_263' title='bbox 1737 4312 1813 4386; x_wconf 92' lang='lat' dir='ltr'><strong>Deo</strong></span> <span class='ocrx_word' id='word_1_264' title='bbox 1836 4311 2012 4410; x_wconf 88' lang='lat' dir='ltr'><strong>rebusque</strong></span> <span class='ocrx_word' id='word_1_265' title='bbox 2042 4311 2168 4385; x_wconf 89' lang='lat' dir='ltr'><strong>divinis</strong></span> 
     </span>
    </p>
   </div>
   <div class='ocr_carea' id='block_1_8' title="bbox 510 4427 2165 4530">
    <p class='ocr_par' dir='ltr' id='par_1_8' title="bbox 510 4427 2165 4530">
     <span class='ocr_line' id='line_1_29' title="bbox 510 4427 2165 4530; baseline 0.004 -33"><span class='ocrx_word' id='word_1_266' title='bbox 510 4439 514 4464; x_wconf 73' lang='lat'>²</span> <span class='ocrx_word' id='word_1_267' title='bbox 640 4451 717 4502; x_wconf 88' lang='lat' dir='ltr'><strong>vere</strong></span> <span class='ocrx_word' id='word_1_268' title='bbox 747 4427 882 4502; x_wconf 89' lang='lat' dir='ltr'><strong>sentiat.</strong></span> <span class='ocrx_word' id='word_1_269' title='bbox 931 4428 1035 4502; x_wconf 88' lang='lat' dir='ltr'><strong>Fides</strong></span> <span class='ocrx_word' id='word_1_270' title='bbox 1063 4428 1199 4528; x_wconf 88' lang='lat' dir='ltr'><strong>quaerit</strong></span> <span class='ocrx_word' id='word_1_271' title='bbox 1225 4428 1450 4505; x_wconf 86' lang='lat' dir='ltr'><strong>intellectum.</strong></span> <span class='ocrx_word' id='word_1_272' title='bbox 1501 4431 1582 4504; x_wconf 90' lang='lat' dir='ltr'><strong>Non</strong></span> <span class='ocrx_word' id='word_1_273' title='bbox 1606 4438 1721 4530; x_wconf 89' lang='lat' dir='ltr'><strong>potest</strong></span> <span class='ocrx_word' id='word_1_274' title='bbox 1746 4456 1814 4506; x_wconf 91' lang='lat' dir='ltr'><strong>non</strong></span> <span class='ocrx_word' id='word_1_275' title='bbox 1837 4430 1939 4506; x_wconf 91' lang='lat' dir='ltr'><strong>homo</strong></span> <span class='ocrx_word' id='word_1_276' title='bbox 1965 4430 2165 4530; x_wconf 90' lang='lat' dir='ltr'><strong>religiosus,</strong></span> 
     </span>
    </p>
   </div>
   <div class='ocr_carea' id='block_1_9' title="bbox 637 4545 2166 4888">
    <p class='ocr_par' dir='ltr' id='par_1_9' title="bbox 637 4545 2166 4888">
     <span class='ocr_line' id='line_1_30' title="bbox 639 4545 2166 4650; baseline 0.002 -29"><span class='ocrx_word' id='word_1_277' title='bbox 639 4545 832 4645; x_wconf 89' lang='lat' dir='ltr'><strong>siquidem,</strong></span> <span class='ocrx_word' id='word_1_278' title='bbox 870 4555 909 4619; x_wconf 92' lang='lat' dir='ltr'><strong>ut</strong></span> <span class='ocrx_word' id='word_1_279' title='bbox 945 4547 1058 4645; x_wconf 85' lang='lat' dir='ltr'><strong>quivis</strong></span> <span class='ocrx_word' id='word_1_280' title='bbox 1091 4548 1199 4636; x_wconf 90' lang='lat' dir='ltr'><strong>alius,</strong></span> <span class='ocrx_word' id='word_1_281' title='bbox 1235 4549 1464 4648; x_wconf 86' lang='lat' dir='ltr'><strong>intelligentia</strong></span> <span class='ocrx_word' id='word_1_282' title='bbox 1500 4559 1535 4624; x_wconf 89' lang='lat' dir='ltr'><strong>et</strong></span> <span class='ocrx_word' id='word_1_283' title='bbox 1568 4551 1700 4625; x_wconf 89' lang='lat' dir='ltr'><strong>ratione</strong></span> <span class='ocrx_word' id='word_1_284' title='bbox 1724 4551 1851 4650; x_wconf 90' lang='lat' dir='ltr'><strong>pollet,</strong></span> <span class='ocrx_word' id='word_1_285' title='bbox 1878 4576 2000 4626; x_wconf 91' lang='lat' dir='ltr'><strong>sensus</strong></span> <span class='ocrx_word' id='word_1_286' title='bbox 2024 4575 2105 4624; x_wconf 91' lang='lat' dir='ltr'><strong>suos</strong></span> <span class='ocrx_word' id='word_1_287' title='bbox 2126 4575 2166 4624; x_wconf 90' lang='lat' dir='ltr'><strong>ac</strong></span> 
     </span>
     <span class='ocr_line' id='line_1_31' title="bbox 641 4663 2163 4768; baseline 0 -26"><span class='ocrx_word' id='word_1_288' title='bbox 641 4666 757 4742; x_wconf 87' lang='lat' dir='ltr'><strong>studia</strong></span> <span class='ocrx_word' id='word_1_289' title='bbox 789 4663 1039 4764; x_wconf 89' lang='lat' dir='ltr'><strong>iutimamque,</strong></span> <span class='ocrx_word' id='word_1_290' title='bbox 1074 4691 1144 4765; x_wconf 90' lang='lat' dir='ltr'><strong>qua</strong></span> <span class='ocrx_word' id='word_1_291' title='bbox 1174 4668 1326 4765; x_wconf 92' lang='lat' dir='ltr'><strong>gaudet,</strong></span> <span class='ocrx_word' id='word_1_292' title='bbox 1360 4667 1467 4742; x_wconf 90' lang='lat' dir='ltr'><strong>animi</strong></span> <span class='ocrx_word' id='word_1_293' title='bbox 1496 4671 1753 4768; x_wconf 90' lang='lat' dir='ltr'><strong>persuasionem</strong></span> <span class='ocrx_word' id='word_1_294' title='bbox 1781 4669 1891 4744; x_wconf 89' lang='lat' dir='ltr'><strong>verbis</strong></span> <span class='ocrx_word' id='word_1_295' title='bbox 1918 4669 2079 4768; x_wconf 90' lang='lat' dir='ltr'><strong>prodere,</strong></span> <span class='ocrx_word' id='word_1_296' title='bbox 2105 4670 2163 4744; x_wconf 90' lang='lat' dir='ltr'><strong>de·</strong></span> 
     </span>
     <span class='ocr_line' id='line_1_32' title="bbox 637 4785 2163 4888; baseline 0.001 -27"><span class='ocrx_word' id='word_1_297' title='bbox 637 4785 802 4873; x_wconf 89' lang='lat' dir='ltr'><strong>scribere,</strong></span> <span class='ocrx_word' id='word_1_298' title='bbox 836 4785 1069 4886; x_wconf 89' lang='lat' dir='ltr'><strong>comprobare.</strong></span> <span class='ocrx_word' id='word_1_299' title='bbox 1121 4787 1261 4884; x_wconf 87' lang='lat' dir='ltr'><strong>Ipsam,</strong></span> <span class='ocrx_word' id='word_1_300' title='bbox 1295 4811 1401 4885; x_wconf 92' lang='lat' dir='ltr'><strong>quam</strong></span> <span class='ocrx_word' id='word_1_301' title='bbox 1434 4788 1682 4888; x_wconf 83' lang='lat' dir='ltr'><strong>magnifacit,</strong></span> <span class='ocrx_word' id='word_1_302' title='bbox 1714 4790 1915 4888; x_wconf 88' lang='lat' dir='ltr'><strong>religionem</strong></span> <span class='ocrx_word' id='word_1_303' title='bbox 1940 4789 2163 4865; x_wconf 89' lang='lat' dir='ltr'><strong>christianam</strong></span> 
     </span>
    </p>
   </div>
   <div class='ocr_carea' id='block_1_10' title="bbox 0 0 2468 6180">
    <p class='ocr_par' dir='ltr' id='par_1_10' title="bbox 0 0 2468 6180">
     <span class='ocr_line' id='line_1_33' title="bbox 0 0 2468 6180; baseline 0 9"><span class='ocrx_word' id='word_1_304' title='bbox 0 0 2468 6180; x_wconf 95' lang='lat' dir='ltr'><strong> </strong></span> 
     </span>
    </p>
   </div>
  </div>
 </body>
</html>
