4926 6180
813 679 1222 752 nnnnvonnlwn.
1734 677 1778 746 dd

258 891 505 970 netnmkunde
540 891 644 990 rigtte
676 889 749 965 hier
782 891 864 966 here
898 899 1009 968 eerete
1041 890 1229 991 eohreden,
1264 913 1308 964 en
1343 888 1441 964 reede
1471 887 1510 962 in
1544 910 1608 964 een
1634 911 1775 988 wroeger

260 1012 390 1110 tijdvnlr
424 1011 485 1086 der
513 1010 731 1110 physiologice
763 1012 855 1086 werd
888 1037 933 1112 op
957 1012 1010 1089 dit
1031 1011 1176 1111 gebied,
1207 1009 1332 1086 noowel
1358 1009 1442 1086 door
1467 1007 1698 1108 wnememing
1723 1009 1774 1093 ele

259 1132 343 1206 door
377 1131 633 1232 proefneming.
672 1132 790 1231 menig
822 1132 1013 1231 belongrijlr
1036 1131 1098 1206 seit
1122 1130 1266 1206 ontdekt
1293 1129 1331 1204 of
1350 1129 1536 1206 werkleerd.
1587 1130 1688 1206 Mem
1706 1128 1775 1205 ook

258 1252 295 1324 in
336 1251 388 1326 dit
419 1251 536 1351 opnigt
568 1275 750 1326 werenzo
783 1275 880 1326 eenw
910 1250 1086 1346 bijmnder
1111 1249 1324 1348 bevoorregt.
1373 1247 1428 1345 Bij
1454 1247 1520 1322 den
1548 1248 1775 1348 vooruitgmg

259 1369 321 1445 der
345 1370 486 1469 physico
509 1371 600 1446 werd
625 1370 683 1444 het
705 1372 1007 1472 armamentarium
1032 1393 1112 1444 woor
1136 1370 1195 1444 het
1222 1366 1412 1442 onderroek
1436 1366 1639 1466 nannienlijk
1662 1369 1772 1468 nitge-

260 1490 368 1566 breid.
419 1490 649 1588 Werlrtuigen
674 1490 810 1564 werden
837 1487 1057 1588 oitgednoht,
1082 1487 1255 1564 wenrdoor
1278 1485 1507 1560 voortdurend
1530 1485 1687 1584 echerper
1706 1486 1774 1562 don

259 1617 294 1684 te
325 1633 426 1684 voren
452 1609 496 1684 de
517 1611 759 1710 eigenenrdige
786 1609 1059 1709 eigensohappen
1081 1609 1143 1682 der
1170 1607 1240 1682 stef
1261 1605 1398 1682 konden
1423 1605 1558 1680 worden
1583 1630 1773 1706 negegenn.

259 1727 471 1826 Bepolingen
495 1751 560 1802 ven
582 1729 649 1824 tijd
675 1753 717 1802 en
743 1728 870 1802 roimte
899 1727 1033 1800 werden
1055 1726 1239 1826 mogelijk‚
1266 1749 1420 1800 womero
1450 1750 1589 1824 vroeger
1609 1725 1680 1802 niet
1704 1725 1774 1802 kon
1806 1739 1812 1749 ’

260 1846 396 1920 worden
431 1847 589 1946 gedncht.
652 1849 714 1922 Dit
741 1847 854 1922 leidde
886 1847 1076 1946 netuurlijk
1108 1856 1159 1922 tot
1184 1847 1228 1920 de
1251 1845 1498 1944 quontitetiewe
1526 1845 1685 1920 methodo
1708 1846 1775 1922 nok

258 1993 303 2065 op
340 1967 399 2040 het
427 1967 554 2065 gebied
585 1968 647 2041 der
674 1968 942 2054 notunrkunde,
976 1991 1018 2041 en
1047 1991 1132 2040 even
1158 1964 1453 2064 vruchtdragend,
1487 1965 1537 2038 ele
1559 1965 1601 2064 nij
1626 1989 1706 2040 voor
1730 1965 1773 2040 de
1834 1961 1837 1968 ’

259 2084 470 2160 echeikunde
507 2110 576 2162 wne
607 2097 778 2186 goweest,
814 2087 940 2162 toonde
973 2087 1015 2185 nij
1040 2085 1112 2160 nich
1133 2085 1200 2158 ook
1224 2109 1303 2158 woor
1323 2085 1366 2158 de
1387 2083 1536 2182 physice.
1588 2083 1644 2182 Op
1667 2083 1774 2160 schei-

259 2203 394 2302 lrnndig
427 2205 553 2304 gebied
587 2206 700 2280 leidde
724 2207 765 2305 nij
791 2215 842 2282 tot
865 2207 909 2280 de
936 2205 1152 2303 ontdeklring
1180 2229 1243 2280 wan
1267 2205 1310 2278 de
1331 2204 1693 2303 onwergnnlrelijkheid
1715 2205 1776 2284 der

257 2324 345 2411 stef,
378 2349 422 2421 op
457 2325 720 2425 nntuurkundig
752 2326 878 2424 gebied
913 2334 964 2402 tot
995 2327 1039 2402 de
1073 2325 1290 2424 ontdekking
1323 2349 1387 2400 von
1412 2325 1455 2400 de
1478 2325 1774 2426 onvergnnkelijk·

258 2443 340 2516 heid
365 2444 426 2516 der
449 2443 579 2520 lrrnoht.

307 2561 381 2634 Een
413 2563 535 2659 geheel
564 2564 676 2638 nieuw
710 2565 788 2640 veld
820 2589 883 2640 von
913 2564 1104 2640 ondernoek
1127 2565 1220 2640 werd
1244 2564 1466 2640 denrdoorin
1492 2589 1600 2642 onren
1623 2565 1687 2664 tijd
1708 2564 1775 2641 ook

257 2703 339 2754 wnnr
373 2681 416 2754 de
454 2680 667 2778 physiologia
703 2685 873 2782 geopend.
926 2685 978 2758 De
1017 2684 1312 2781 kmnhteuitingen
1343 2693 1477 2758 moereo
1508 2685 1704 2783 qualitaties
1730 2709 1773 2760 en

259 2799 484 2897 quentitntief
518 2799 654 2874 worden
687 2825 886 2900 nngegnnn,
921 2827 1005 2880 eren
1037 2804 1088 2878 els
1122 2803 1169 2902 bij
1195 2804 1254 2877 het
1279 2803 1507 2902 eoheikundig
1527 2804 1717 2880 ondernoek
1738 2805 1775 2882 in

257 2917 457 3016 tweeledige
483 2918 624 3018 rigting.
678 2919 730 3017 Zij
757 2924 892 2994 moeten
919 2921 1055 2996 worden
1078 2922 1236 3020 gekend,
1262 2923 1388 2998 noowel
1411 2947 1476 2998 vnn
1499 2922 1558 3000 het
1581 2923 1776 3022 organismo
1916 2909 1919 2914 ’

256 3037 306 3112 ols
330 3061 393 3112 eon
418 3037 560 3135 geneal,
585 3039 636 3112 ele
661 3063 726 3113 vnn
751 3039 808 3114 ellr
834 3039 939 3138 nijner
962 3065 1113 3140 organon
1139 3041 1371 3140 nfronderlijk.

306 3156 390 3232 Wot
420 3157 481 3232 het
513 3157 711 3256 elgemeene
741 3159 928 3259 wrnegetuk
962 3161 1105 3248 benere,
1139 3161 1264 3236 toonde
1295 3161 1339 3234 do
1369 3161 1581 3260 physiologie
1603 3187 1688 3251 nen,
1713 3162 1774 3239 det

257 3277 302 3350 de
335 3277 635 3376 kmohteuitgoven
662 3303 726 3354 ven
758 3279 802 3353 de
833 3279 990 3380 dierlijke
1018 3279 1254 3378 hniehouding
1276 3281 1311 3354 in
1338 3290 1478 3356 wormte
1503 3306 1545 3356 en
1571 3281 1690 3356 erbeid
1712 3281 1772 3358 beo

257 3403 365 3472 etnnn.
416 3397 481 3470 Die
516 3398 679 3496 nitgnwen
716 3409 854 3474 moeten
892 3400 976 3474 door
1006 3400 1201 3476 inkomsten
1230 3399 1366 3474 worden
1392 3400 1542 3498 gedekt,
1566 3426 1610 3476 en
1636 3401 1693 3476 die
1718 3401 1771 3478 in·

253 3513 414 3591 kometen
446 3517 513 3616 nijn
544 3519 588 3592 de
613 3517 799 3606 kmohtem
825 3519 939 3593 welko·
956 3527 1029 3612 met
1050 3519 1111 3594 het
1133 3519 1269 3594 voedsel
1295 3543 1338 3593 en
1362 3520 1405 3594 de
1428 3519 1655 3620 ingeedomde
1674 3520 1771 3596 lneht

254 3635 290 3707 in
316 3635 376 3710 het
398 3637 592 3734 organismo
617 3639 753 3712 worden
779 3639 973 3737 ingewoerd.

304 3753 375 3828 Zoo
399 3755 428 3830 ie
447 3755 515 3830 den
536 3765 595 3830 ten
614 3756 768 3830 tweeden
792 3757 882 3832 mede
900 3757 945 3831 de
964 3756 1206 3834 dierenwereld
1229 3783 1294 3833 ven
1315 3759 1360 3834 de
1379 3760 1519 3858 plnnten
1541 3757 1767 3860 nfhenlrelijlr.

254 3875 291 3946 le
318 3873 580 3974 ntoswiseeling,
605 3875 711 3974 gelijk
739 3875 792 3974 wij
817 3901 946 3976 engen,
969 3876 1014 3951 de
1039 3879 1253 3952 woorwnorde
1284 3903 1347 3954 von
1371 3877 1431 3954 het
1453 3880 1569 3967 leven,
1594 3877 1647 3954 dit
1669 3879 1767 3956 leven

253 3993 283 4067 is
313 3995 440 4068 wonder
475 3995 787 4093 krechtrwieseling
815 4019 900 4072 even
931 3997 1152 4096 onmogelijk.
1202 3998 1258 4072 De
1284 3997 1680 4098 omrettingeprodnoten
1706 3999 1768 4076 der

254 4111 339 4200 etos,
365 4113 421 4188 die
445 4113 504 4187 het
526 4114 695 4213 ligohnem
719 4115 950 4190 woortdurend
974 4116 1140 4204 werleten,
1165 4117 1285 4192 mnnkt
1304 4118 1371 4192 den
1392 4126 1527 4192 toevoer
1548 4142 1613 4193 ven
1632 4118 1766 4194 nienwe

255 4231 521 4306 beetnnddeelen
542 4233 680 4332 noodig.
732 4235 786 4308 De
807 4233 1128 4335 kmchtenitgoren,
1154 4237 1280 4312 waerin
1304 4236 1429 4312 nonder
1450 4237 1632 4335 ophonden
1655 4246 1767 4314 monet

256 4353 392 4424 worden
435 4352 613 4442 woornim,
650 4363 785 4430 monton
820 4355 903 4430 door
938 4354 1193 4454 gelijkeoortige
1229 4355 1424 4435 inkometen
1458 4355 1596 4431 worden
1623 4355 1765 4458 gedekt.

255 4469 338 4542 Niet
360 4469 486 4544 elechte
505 4471 542 4545 in
563 4470 608 4544 de
628 4473 928 4570 eeretgenoemde,
962 4496 1057 4564 menr
1077 4472 1145 4550 ook
1168 4474 1204 4548 in
1227 4474 1271 4550 de
1286 4475 1416 4552 ⁴lentore
1441 4473 1597 4550 behoefte
1619 4476 1766 4552 woomiet

254 4586 314 4661 het
338 4588 557 4689 plantenrijk.
1527 4630 1531 4640 =

302 4707 345 4782 In
370 4708 415 4783 de
436 4710 651 4809 eenvoudige
671 4735 714 4786 en
741 4710 862 4810 indige
882 4712 1151 4814 verbindingen,
1177 4715 1302 4790 wenrin
1323 4715 1367 4790 de
1386 4714 1583 4790 werbrnikto
1602 4713 1765 4792 bertand-

254 4825 373 4904 deelen
405 4827 459 4904 nit
488 4829 548 4906 het
575 4830 747 4929 ligohnnm
770 4832 906 4908 worden
932 4833 1152 4934 werwijderd‚
1178 4836 1208 4912 ie
1234 4837 1278 4912 de
1303 4835 1445 4936 nnig'rng
1467 4835 1529 4910 der
1551 4833 1765 4927 elementer,

1546 4955 1599 5030 81
