4926 6180
904 649 1182 719 ORATIO.
1768 653 1807 718 17

286 860 430 947 Ριοιιιι,
464 858 583 957 procul
619 866 708 946 este,
744 857 897 955 prolanil
946 859 1090 936 Utinam
1124 862 1209 935 tales
1242 886 1421 960 nunquam
1454 860 1660 968 Theplogiae
1691 859 1806 932 desint

289 979 465 1068 doctores,
491 978 620 1076 quibus
644 977 764 1075 religio
790 985 826 1050 et
850 1003 905 1054 res
923 977 1108 1056 christiana
1130 980 1386 1078 quammaxime
1407 1003 1508 1053 curae
1523 979 1688 1076 cordique
1704 980 1805 1052 suntl

290 1101 349 1175 Sic
368 1099 485 1174 nullus
508 1099 574 1172 erit
600 1097 788 1186 libertatis,
815 1123 884 1196 qua
909 1098 984 1172 inre
1012 1100 1185 1199 gaudent,
1211 1100 1341 1174 abusus
1362 1101 1548 1198 nullusque
1569 1100 1656 1174 adeo
1676 1111 1809 1188 metus,

288 1245 333 1295 ne
371 1245 414 1294 ex
450 1217 564 1294 abusu
603 1217 835 1316 qualicunque
871 1218 1027 1316 religioni
1065 1220 1301 1294 sanctissimae
1337 1228 1372 1294 et
1406 1219 1568 1294 ecclesiae
1603 1219 1808 1293 christianae

289 1364 392 1441 grave
421 1338 596 1438 quoddam
621 1335 802 1411 immineat
828 1338 1030 1435 periculum.
1083 1339 1152 1412 Sed
1176 1340 1261 1438 quid
1283 1365 1349 1438 ego
1372 1339 1416 1414 de
1439 1347 1537 1414 metu
1560 1339 1681 1436 loquor
1703 1349 1738 1412 et
1765 1339 1809 1411 de

291 1459 474 1561 periculis?
518 1456 675 1555 Religio,
710 1457 803 1555 quod
830 1457 1016 1547 laetamur,
1042 1459 1156 1534 indole
1180 1485 1244 1533 sua
1268 1484 1407 1558 prorsus
1432 1458 1549 1533 divina
1574 1467 1627 1531 est
1653 1467 1688 1532 et
1710 1458 1808 1532 inde·

291 1580 422 1668 labilis,
448 1579 543 1653 nulla
569 1576 602 1651 vi
627 1601 782 1675 unquam
811 1577 1051 1676 exstirpanda,
1078 1603 1160 1652 suae
1180 1578 1256 1677 ipsa
1279 1578 1468 1652 divinitatis
1492 1579 1528 1651 in
1551 1577 1675 1651 animis
1699 1578 1809 1651 homi·

289 1724 374 1774 num
410 1698 541 1796 optima
571 1697 668 1771 testis
709 1706 814 1794 atque
852 1697 985 1772 vindex.
1038 1697 1084 1770 Et
1126 1706 1222 1771 tanta
1252 1707 1324 1785 est,
1360 1697 1502 1770 historia
1526 1705 1633 1784 teste,
1660 1697 1811 1771 veritatis

294 1820 430 1893 divinas
462 1815 630 1903 efficacia,
668 1825 726 1904 ut,
762 1817 868 1890 libere
897 1817 1089 1950 explorata,
1125 1817 1201 1891 luce
1234 1819 1413 1916 splendeat
1438 1817 1602 1912 continno
1625 1817 1752 1890 maiora
1774 1828 1810 1890 et

294 1938 427 2012 lructus
458 1936 545 2009 ferat
581 1933 692 2008 indies
727 1933 894 2009 laetiores.
948 1935 1067 2008 Vel
1041 1961 1089 2009 src
1118 1947 1234 2010 tamen
1266 1961 1333 2010 non
1370 1962 1479 2035 nego,
1503 1936 1710 2010 Auditores!
1737 1937 1811 2011 fieri

294 2057 433 2131 omnino
455 2079 576 2154 posse,
603 2061 642 2126 ut
668 2053 817 2128 scholam
845 2054 934 2128 inter
960 2063 996 2128 et
1016 2056 1192 2130 ecclesiam
1219 2057 1332 2154 gravis
1353 2056 1525 2155 quaedam
1548 2055 1720 2130 exoriatur
1742 2056 1812 2129 dis·

295 2177 408 2250 sensio
432 2175 498 2249 et
488 2198 524 2248 ιιι
549 2173 664 2248 schola
686 2173 768 2248 talia
786 2173 988 2263 doceantur,
1015 2200 1103 2250 nova
1122 2200 1263 2274 prorsus
1285 2186 1321 2250 et
1340 2177 1518 2265 inaudita,
1544 2201 1633 2275 quas
1652 2176 1813 2264 ecclesia,

295 2298 351 2370 sui
375 2296 532 2381 conscia,
565 2319 633 2367 non
657 2294 724 2366 nisi
747 2317 849 2392 aegre
874 2295 1036 2370 admittat
1062 2305 1124 2369 aut
1145 2296 1218 2369 iure
1244 2321 1307 2370 suo
1330 2297 1512 2372 admittere
1540 2306 1684 2370 recuset.
1736 2296 1814 2368 Hu-

298 2439 442 2488 manum
479 2422 533 2486 est
565 2437 693 2487 errare:
729 2413 814 2511 quid
846 2415 991 2502 mirum,
1026 2416 1056 2488 si
1092 2425 1127 2488 et
1158 2415 1365 2514 Theologia,
1395 2417 1526 2516 quippe
1550 2417 1594 2490 ab
1617 2416 1817 2489 bominibus

297 2535 412 2620 culta,
446 2557 707 2628 nonnumquam
737 2541 826 2605 erret
856 2534 951 2606 etin
978 2534 1077 2608 davia
1103 2559 1140 2608 se
1162 2535 1290 2609 abduci
1315 2535 1495 2634 patiatur?
1532 2536 1602 2609 Sed
1624 2536 1736 2609 videat
1762 2561 1816 2610 ec·

297 2653 419 2738 clasis,
452 2675 496 2724 ne
529 2649 766 2747 theologorum
798 2650 1078 2726 altercationibus
1110 2654 1350 2753 intempestive
1377 2681 1413 2729 se
1436 2655 1630 2730 immisceat
1654 2665 1735 2743 aut,
1760 2680 1818 2727 er·

298 2782 395 2847 terna
425 2769 575 2869 quadam
608 2768 721 2867 specie
751 2768 916 2869 decepta,
942 2771 1044 2870 longe
1064 2773 1131 2848 alia
1154 2774 1326 2872 improbet
1347 2783 1382 2847 ct
1409 2776 1572 2862 damnet,
1598 2799 1703 2872 quam
1730 2797 1819 2870 quae

298 2893 334 2966 in
373 2893 484 2990 ipsam
523 2890 718 2976 incurrant,
756 2913 861 2986 quam
898 2893 1096 2988 profitetur,
1130 2893 1330 2989 religionem
1367 2893 1607 2966 christianam!
1656 2893 1819 2989 Legitur,

300 3013 407 3087 eheu!
444 3008 642 3108 saepissime
676 3013 756 3082 actu
794 3016 1012 3107 praepostero
1047 3033 1087 3083 ea
1121 3011 1343 3107 impugnasse
1368 3017 1403 3083 et
1426 3009 1602 3099 reiecisse,
1636 3035 1725 3108 quae
1745 3009 1821 3108 ipsa

300 3141 419 3232 postes
441 3153 510 3204 non
539 3128 618 3202 tulit
642 3135 800 3215 tantum,
826 3128 887 3202 sed
913 3129 1070 3227 probavit
1097 3138 1132 3202 et
1159 3130 1288 3202 summi
1315 3128 1414 3217 lecit,
1440 3129 1569 3229 quippe
1592 3131 1641 3203 rei
1665 3131 1820 3204 christia·

302 3277 366 3326 nae
395 3248 757 3326 accommodatissima.
809 3247 919 3322 Iliecit
951 3249 1125 3347 quondam
1156 3249 1396 3338 Arminianos,
1427 3249 1519 3322 etin
1547 3251 1732 3324 Germania
1755 3251 1821 3324 lor·

301 3371 381 3445 titer
418 3369 544 3444 restitit
574 3367 743 3455 Pictistis,
779 3368 840 3466 qni
873 3367 1055 3456 dicuntur,
1095 3377 1130 3442 et
1172 3393 1349 3443 summum
1383 3369 1601 3468 impugnavit
1636 3371 1818 3459 Grotium,

302 3489 505 3577 Cocceium,
538 3487 733 3575 Rodllium,
758 3487 862 3575 alios,
888 3513 1035 3585 quorum
1060 3497 1176 3562 tamen
1199 3489 1294 3562 baud
1315 3489 1363 3564 ita
1386 3489 1448 3563 diu
1469 3497 1549 3588 post
1570 3490 1727 3588 probavit
1748 3493 1819 3589 pla-

303 3610 370 3685 cita
404 3623 439 3682 at
474 3633 576 3682 suum
602 3607 769 3682 convertit
791 3606 827 3680 in
852 3631 966 3682 nsum.
1018 3609 1048 3680 Ε
1073 3608 1191 3682 multis
1215 3633 1325 3682 unum
1349 3609 1547 3682 nominasse
1571 3610 1720 3684 sufficiat
1742 3611 1822 3684 Bal·

296 3714 481 3803 tbaaarum
512 3727 731 3817 Beklrerum,
764 3734 935 3826 pastorem
962 3727 1339 3815 Amstelcdameusem,
1366 3737 1546 3802 strenuum
1570 3729 1823 3826 superstitionis

307 3849 405 3924 anilis
434 3847 700 3934 debellatorem,
734 3857 771 3922 at
797 3847 864 3920 Dei
886 3847 1084 3945 Christique
1109 3848 1244 3922 hostem
1267 3847 1312 3921 ab
1336 3848 1537 3983 aequalibus
1562 3847 1720 3922 habitum
1745 3859 1823 3924 ete

308 3992 450 4073 munere
470 3991 533 4042 suo
559 3966 750 4054 dimotum,
774 3967 832 4041 cui
855 3977 969 4041 tamen
996 3969 1100 4042 serior
1118 3976 1232 4056 aetas,
1257 3968 1439 4044 sedatis'¹
1400 3993 1480 4057 rrrs,
1505 3969 1674 4043 calculum
1697 3969 1823 4043 adiecit

307 4086 499 4220 laudesque
517 4085 638 4158 tribuit
657 4109 838 4182 nunquam
858 4087 1036 4183 perituras.
1088 4087 1121 4159 0
1142 4086 1316 4162 levitatem
1339 4088 1541 4174 hominnm,
1567 4111 1703 4162 summa
1722 4113 1823 4186 saepe

308 4206 388 4279 imis
422 4183 661 4294 miscentium,
698 4229 742 4278 ne
772 4204 901 4278 scilicet
932 4205 998 4279 sibi
1030 4205 1156 4280 tradita
1187 4215 1222 4280 et
1253 4231 1274 4280 a
1306 4206 1493 4280 maioribus
1517 4217 1657 4305 accepta
1681 4207 1823 4307 infringi

310 4325 489 4399 'videantur
520 4323 700 4423 dogmata!
745 4324 825 4398 Non
857 4325 919 4399 tali
951 4325 1079 4400 anulio
1107 4350 1171 4400 nec
1197 4325 1436 4400 defensoribus
1465 4325 1541 4400 istis
1573 4335 1710 4427 tempus
1734 4340 1823 4428 eget.

311 4444 442 4542 Magna
465 4453 518 4517 ast
540 4443 691 4529 veritas,
709 4449 745 4515 et
767 4444 986 4542 praevalebit.
1037 4445 1139 4520 Hanc
1162 4469 1302 4534 omnes,
1327 4445 1466 4520 Christo
1486 4443 1596 4535 duce,
1622 4448 1742 4522 sedulo
1766 4473 1824 4546 pe·

311 4571 427 4636 tamus
458 4570 611 4662 oportet,
643 4585 746 4636 nemo
782 4587 873 4637 unus
905 4571 1012 4638 totam
1038 4564 1200 4664 possidet.
1251 4565 1407 4640 Multum
1431 4567 1486 4642 bic
1510 4567 1584 4641 Deo
1607 4569 1824 4643 committen-

312 4684 396 4758 dnm
429 4693 503 4775 est,
538 4696 675 4758 summo
706 4684 860 4760 omnium
894 4709 1008 4758 rerum
1043 4684 1172 4760 arbitro
1204 4685 1424 4785 veritatisque
1457 4687 1582 4762 vindici
1607 4689 1826 4779 fidelissimo;

312 4803 466 4878 dandum
501 4827 580 4878 vero
610 4803 714 4879 etiam
746 4804 878 4904 aliquid
912 4805 1066 4905 tempori.
1110 4797 1343 4906 ,opinionum
1379 4817 1576 4884 commenta
1610 4808 1702 4885 delet
1735 4811 1829 4897 dies,
1868 4851 1879 4864 ·

1636 4933 1658 5005 3
