4926 6180
1046 957 1431 1062 runicis
1479 955 1907 1060 ouornutt

1262 1246 1692 1340 PItOMULGd'IA

1467 1515 1489 1563 Α

1137 1727 1436 1796 RECTORE
1470 1751 1520 1795 ur
1553 1730 1806 1798 SENATU

965 1997 1327 2076 seruantia
1373 1995 1983 2078 ohannau-ustam

1051 2245 1119 2304 DIE
1141 2246 1213 2306 VIII
1235 2233 1450 2305 Faunusa'n
1472 2245 1572 2306 ANNI
1594 2247 1894 2311 clolocccuxvn.
1925 2271 1935 2286 ⁸

1351 2603 1586 2618 *1-

1033 2901 1267 2975 lUDlOIUM
1293 2903 1496 2976 ORDINIS
1522 2903 1910 2978 THEOLOGORUM.

757 3139 1009 3239 Theologorum
1036 3139 1132 3213 Ordo
1156 3141 1199 3213 ad
1226 3141 1460 3238 quaestionem
1487 3143 1717 3241 propositam:

808 3261 1026 3334 nEnarretur
1055 3262 1204 3354 'historia
1238 3264 1397 3335 ecclesiae
1436 3263 1671 3350 Christianae,
1706 3289 1794 3363 qnae
1820 3263 1949 3337 Romae
1962 3264 2061 3358 suit,
2096 3265 2146 3336 ad
2165 3287 2227 3335 me·

859 3381 969 3452 adium
996 3403 1097 3478 usque
1122 3381 1286 3452 saeculum
1314 3384 1448 3454 tertiam
1461 3383 1495 3468 ,’'

709 3523 812 3572 uuam
859 3506 994 3571 tautum
1040 3499 1294 3596 responsionem
1336 3500 1486 3598 accepit,
1527 3499 1580 3573 his
1617 3501 1819 3586 Tertulliani
1855 3500 1967 3576 verbis
2005 3499 2225 3599 insignitam:

711 3621 777 3691 ’δι’
807 3626 919 3692 autem
954 3619 1085 3691 Italiae
1120 3621 1276 3704 edisces,
1309 3621 1411 3693 liabeo
1442 3621 1603 3706 Romam,
1641 3623 1727 3694 aa&
1759 3623 1854 3695 nodis
1883 3645 2012 3721 quoque
2042 3621 2228 3694 auctoritas

700 3745 843 3834 maesto
869 3738 944 3810 est'’
972 3739 1029 3827 (de
1056 3737 1215 3812 Praenes.
1243 3739 1352 3813 Haer.
1381 3765 1409 3813 o.
1437 3743 1512 3830 36).

758 3855 866 3928 Dedit
897 3855 1001 3928 huius
1035 3855 1279 3953 disputationis
1309 3867 1426 3930 auctor
1456 3857 1565 3930 multo
1593 3857 1735 3954 quidem
1764 3857 1966 3930 eruditionis
1997 3854 2168 3930 solidioris
2194 3864 2227 3930 et

710 3975 909 4074 diligentiae
944 3973 1038 4048 haud
1076 3975 1287 4072 spernendae
1325 3977 1534 4074 specimina,
1577 3991 1612 4049 et
1650 3977 1797 4074 plurima
1835 3975 2027 4074 congessit,
2065 3999 2154 4074 ques
2184 3975 2227 4050 ad

709 4096 869 4172 eeclesiae
895 4094 1110 4168 Christianae
1133 4095 1310 4168 universae
1328 4095 1502 4169 historiam
1521 4095 1795 4192 antiquissimam
1819 4097 2012 4195 pertineut;
2038 4093 2099 4168 sed
2123 4095 2226 4169 eccle·

710 4215 800 4303 siae,
835 4240 923 4313 quae
954 4215 1086 4290 Romae
1108 4215 1194 4302 suit,
1220 4216 1347 4288 iustam
1376 4217 1541 4288 rationem
1570 4239 1637 4288 uon
1664 4215 1796 4290 habuit.
1849 4215 1957 4290 Haud
1980 4240 2089 4314 pauca
2111 4215 2227 4288 attulit

709 4359 849 4434 prorsus
873 4335 1004 4423 aliena,
1032 4336 1094 4410 slis
1121 4335 1286 4434 prolixius
1315 4359 1419 4434 quam
1443 4359 1504 4432 par
1530 4343 1603 4407 erat
1629 4335 1810 4432 exposuit,
1835 4335 1871 4408 in
1897 4333 2073 4408 nonnullis
2099 4334 2225 4408 exami-

709 4453 834 4527 nandis
864 4453 982 4550 lapsus
1017 4463 1090 4541 est,
1127 4467 1162 4529 et
1195 4497 1245 4514 -
1278 4454 1371 4553 quod
1398 4454 1554 4551 inprimis
1576 4453 1764 4526 dolendum
1790 4501 1839 4516 -
1861 4455 1895 4527 iu
1927 4453 2226 4551 disquisitionibus

710 4572 855 4672 praeviis
879 4571 927 4646 ita
950 4573 1078 4659 haesit,
1105 4583 1144 4645 ut
1167 4575 1212 4646 nd
1235 4577 1344 4672 ipsam
1368 4573 1527 4646 historiae
1550 4575 1799 4647 enarrationem
1816 4575 1871 4648 vix
1889 4573 2090 4672 perveniret.
2125 4573 2225 4646 Prae·

709 4701 821 4779 terea,
856 4693 1021 4790 neglectis
1044 4693 1255 4766 nostratibus
1278 4693 1421 4792 aliisque
1443 4691 1708 4780 recentioribus,
1742 4717 1830 4767 unos
1853 4693 1923 4766 iera
1952 4693 2130 4791 theologos
2156 4693 2225 4766 Tu·

711 4811 896 4910 bingenses
924 4813 1030 4887 duces
1062 4821 1201 4886 secutus
1226 4822 1278 4885 est
1304 4812 1466 4910 ipsosque
1491 4811 1622 4900 fontes,
1646 4814 1817 4910 equibus
1842 4812 2063 4912 potissimum
2086 4811 2227 4886 historia
