4926 6180
914 667 1192 734 onaslo.
1778 663 1817 731 13

292 869 541 974 Christumque
577 876 812 966 norviensem,
848 901 867 950 e
904 901 973 976 quo
1006 877 1090 951 haec
1124 875 1292 976 originem
1326 873 1444 961 duxit,
1476 873 1588 971 qualis
1611 879 1683 960 ast,
1708 871 1814 971 proba

291 992 483 1092 intelligere
517 996 634 1072 studet
669 997 815 1096 aliisque
847 998 1097 1073 commendare.
1149 997 1225 1070 lam
1251 993 1345 1094 quod
1373 995 1416 1068 de
1443 1017 1652 1092 unoquoque
1676 990 1815 1066 homine

292 1113 382 1188 valet
418 1137 494 1188 vare
525 1115 703 1214 religioso,
737 1118 773 1192 id
801 1123 938 1192 summo
965 1117 1040 1190 iura
1067 1116 1112 1190 ad
1136 1116 1312 1221 ecclesiam
1340 1114 1562 1188 christianam
1589 1111 1812 1198 transfertur,

291 1232 421 1332 quippe
451 1259 540 1334 quae
569 1237 698 1311 talibus
729 1248 864 1312 constat
891 1237 1101 1312 hominibus.
1152 1236 1210 1310 Ab
1235 1233 1396 1310 ecclesiae
1420 1233 1616 1332 primordiis
1644 1231 1726 1306 inde
1751 1230 1815 1306 hoc

291 1352 508 1453 intelligendi
540 1357 696 1430 studium
729 1358 892 1432 omnibus
919 1329 990 1432 luit
1021 1381 1215 1432 commune.
1275 1355 1356 1427 Non
1380 1378 1481 1428 coeco
1505 1351 1655 1450 quodam
1679 1351 1814 1448 impetu

290 1469 490 1549 ferebantur
521 1476 637 1550 iudaei
676 1485 781 1576 atque
802 1479 948 1577 gentiles
973 1478 1019 1552 ad
1040 1477 1240 1577 religionem
1268 1474 1489 1549 christianam
1515 1473 1811 1573 amplectendam,

291 1593 352 1668 aed
385 1595 501 1669 animo
532 1597 719 1670 deliberato
753 1605 789 1670 et
812 1624 848 1673 re
873 1600 963 1673 bene
986 1599 1134 1698 cognite.
1185 1598 1259 1672 Nec
1286 1595 1517 1670 substiterunt
1541 1593 1578 1666 in
1606 1617 1646 1667 ea
1664 1591 1812 1690 amplec-

289 1713 396 1788 tanda
423 1723 459 1788 et
488 1715 701 1813 profitenda,
737 1717 797 1790 sed
829 1728 941 1793 aetate
965 1719 1034 1792 iam
1058 1717 1243 1816 apostolica
1268 1740 1308 1789 ac
1331 1715 1492 1812 deinceps
1519 1721 1670 1814 γνῶσιν
1690 1736 1811 1809 quam·

289 1833 370 1908 dam
406 1835 474 1910 sibi
508 1843 751 1936 compararunt
782 1837 1087 1936 intelligentiores,
1123 1859 1304 1920 mancam,
1334 1832 1461 1919 fateor,
1493 1839 1529 1904 et
1555 1828 1811 1928 imperfectam,
1898 1875 1902 1884 ·

288 1954 349 2028 sed
375 1980 396 2028 a
425 1955 494 2030 fide
522 1969 635 2032 ortam
658 1967 694 2032 at
718 1957 800 2032 hnic
822 1957 1077 2031 confirmandae
1106 1965 1141 2028 et
1166 1951 1367 2053 purgandae
1390 1975 1459 2025 non
1483 1973 1622 2049 prorsus
1644 1949 1809 2046 ineptam.

288 2075 394 2152 Quod
420 2076 499 2175 quis
524 2088 599 2165 est,
634 2077 696 2177 qui
719 2076 928 2152 mirabitur?
970 2078 1036 2150 Per
1057 2075 1302 2150 brevissimum
1328 2071 1421 2145 enim
1447 2080 1605 2167 tempus,
1638 2070 1733 2169 qnod
1757 2067 1811 2142 his

286 2193 323 2267 in
346 2197 445 2269 terris
474 2198 659 2295 transegit,
686 2198 785 2272 lesus
812 2197 886 2297 ipse
909 2221 1021 2271 veram
1048 2196 1247 2294 religionem
1278 2216 1346 2266 non
1370 2199 1507 2265 tantum
1534 2188 1651 2264 docuit
1674 2199 1709 2262 et
1737 2213 1809 2262 ver·

286 2311 341 2386 bis
361 2315 530 2414 lactisque
553 2317 718 2416 explicuit
739 2317 914 2414 vitemque
932 2342 1008 2390 vere
1031 2316 1181 2390 divinam
1202 2338 1281 2388 curn
1301 2311 1501 2386 hominibus
1523 2310 1809 2398 communicavit,

288 2431 351 2506 sed
370 2433 418 2507 ita
440 2435 575 2530 agendo
601 2438 776 2510 veritatem
802 2461 940 2534 quoqne
958 2436 1143 2509 coelestem
1164 2432 1326 2533 patefecit
1345 2455 1452 2529 seque
1471 2431 1567 2529 ipsc,
1594 2430 1689 2528 apud
1707 2431 1808 2504 Ioan-

286 2573 388 2637 nem,
419 2555 489 2642 τὴν
509 2551 697 2642 dividetur
727 2553 814 2626 dixit
835 2578 903 2627 non
933 2555 1048 2628 minus
1074 2563 1178 2651 atque
1203 2556 1273 2643 τὴν
1302 2557 1411 2644 ζωήν.
1466 2552 1580 2624 Deum
1605 2549 1706 2622 nobis
1733 2559 1814 2624 tan·'

287 2693 392 2766 quam
416 2669 684 2766 adspectabilem
708 2670 859 2744 reddidit
881 2680 916 2744 et
939 2672 1085 2746 dellius
1108 2699 1189 2771 erga
1209 2673 1503 2746 homines'amore
1530 2671 1667 2743 itanos
1689 2670 1810 2744 certio·

286 2810 342 2860 res
365 2785 466 2874 lecit,
499 2796 538 2862 ιιι
560 2787 647 2862 nihil
668 2811 737 2861 non
760 2813 781 2862 a
803 2787 904 2862 Patre
928 2789 1066 2862 coelesti
1088 2813 1223 2888 sperare
1247 2790 1356 2864 liceat.
1408 2789 1533 2866 Quidl'
1559 2789 1673 2886 quod,
1699 2813 1809 2886 quum

286 2905 321 2980 in
352 2930 396 2980 eo
426 2915 536 2994 esset,
572 2917 613 2980 ut
639 2906 718 2981 hino
746 2908 928 3006 migraret,
962 2905 1007 2980 ad
1032 2909 1170 2985 Patrem
1198 2933 1415 2995 reversurus,
1441 2908 1619 3006 discipulis
1644 2909 1717 2982 suis
1742 2907 1812 3006 spi·

285 3025 391 3100 ritum
412 3026 569 3126 promisit
592 3026 772 3114 divinum,
808 3027 980 3126 optimum
1004 3027 1058 3102 sui
1084 3027 1269 3115 vicarium,
1305 3051 1375 3126 qno
1400 3025 1445 3100 ad
1469 3051 1608 3100 ornnem
1632 3028 1809 3102 veritatem

285 3144 608 3245 ethica-religiosam
620 3147 708 3221 bene
729 3147 992 3246 intelligendam
1011 3148 1121 3246 magis
1142 3147 1324 3247 magisque
1342 3146 1559 3220 ducerentur.
1598 3145 1677 3220 Hoc
1691 3156 1808 3222 antem

285 3265 383 3340 ducti
415 3267 559 3366 spiritu,
594 3267 644 3344 ita
676 3267 878 3366 prodierunt
917 3267 1082 3366 apostoli,
1117 3277 1156 3342 ut
1179 3268 1223 3341 de
1246 3265 1420 3364 religionis
1444 3264 1668 3354 christianae,
1702 3291 1808 3364 quam

285 3386 539 3485 praedicarent,
577 3387 718 3462 veritate
748 3387 823 3462 aliis
852 3387 1097 3486 persuaderent
1123 3386 1326 3460 hominibus
1353 3395 1388 3458 et
1411 3384 1571 3458 sedulum
1593 3385 1627 3460 S.
1653 3386 1807 3483 Scriptu-
1888 3427 1897 3442 κ

283 3528 362 3592 rae,
397 3505 440 3580 de
468 3507 606 3582 Christo
630 3507 810 3596 testantis,
842 3531 945 3582 usum
974 3507 1137 3582 omnibus
1159 3505 1451 3582 commendarent.
1503 3507 1599 3578 Inter
1621 3530 1680 3580 eos
1705 3529 1807 3580 nemo

283 3625 434 3700 Paulum
466 3615 661 3726 superavit,
699 3653 760 3726 per
792 3628 993 3702 Gamalielis
1026 3627 1279 3702 institutionem
1319 3626 1364 3699 ed
1399 3625 1538 3699 meliora
1571 3625 1686 3700 studia
1721 3625 1809 3700 bene

284 3757 536 3846 praeparatum.
589 3747 659 3822 Hic
685 3757 802 3822 autern
834 3747 946 3845 qualis
970 3757 1061 3820 esset
1088 3749 1288 3845 quantique
1316 3745 1458 3844 polleret
1484 3769 1553 3824 non
1579 3746 1706 3844 pietate
1731 3755 1806 3819 tan·

284 3873 360 3940 tum
383 3867 560 3966 animique
583 3869 795 3955 constantia,
823 3866 884 3940 red
910 3865 1061 3940 sollertia
1085 3866 1210 3954 etiam,
1236 3866 1437 3964 explorandi
1462 3865 1647 3964 sagacitate
1674 3890 1713 3939 ac
1740 3865 1804 3938 vir·

284 3993 361 4062 tute
393 3986 586 4076 dialectica,
619 3989 745 4086 scripta
776 3986 918 4062 abunde
948 3995 1128 4060 testantur.
1181 3987 1334 4084 Intelligi
1360 3985 1496 4078 volebat
1518 3984 1562 4060 ab
1588 3985 1804 4060 auditoribus

284 4127 473 4205 eorumque
504 4131 647 4182 assensu
681 4107 904 4208 comprobari.
957 4107 1031 4195 Ὡς
1065 4111 1272 4206 φρονίμοις
1309 4107 1424 4206 λέγω,
1460 4107 1510 4180 ita
1536 4106 1613 4193 ille,
1648 4107 1803 4204 κρίνατε

282 4227 394 4319 ὑμεῖς
425 4229 447 4302 δ
478 4256 589 4321 φημι.
641 4229 781 4302 Πάντα
814 4225 1066 4324 δοκιμάζετε,
1102 4229 1147 4301 τὸ
1179 4227 1301 4302 καλὸν
1330 4231 1532 4322 κατέχετε,
1557 4233 1593 4298 οι
1618 4225 1666 4298 sio
1690 4225 1800 4323 plura.

282 4345 444 4434 Restitit,
478 4347 605 4437 fateor,
641 4347 711 4422 iam
743 4349 801 4422 illa
834 4357 968 4434 aetate,
1005 4359 1041 4422 et
1081 4349 1189 4422 multo
1223 4347 1333 4444 magis
1372 4347 1465 4419 haud
1495 4345 1563 4418 diu
1585 4353 1683 4442 post,
1717 4345 1803 4420 falsa

284 4465 454 4562 quaedam
493 4468 564 4540 sive
604 4465 852 4564 ψευδώνυμος
889 4476 1036 4567 γνῶσις
1070 4477 1105 4540 οι
1142 4473 1383 4561 cavomonte,
1420 4489 1620 4539 arcanorum
1653 4465 1801 4563 cupida,

282 4607 456 4682 nugarum
480 4585 597 4674 laren,
622 4586 718 4660 vanis
746 4585 1037 4683 speculationibus
1058 4583 1197 4671 dedita,
1222 4583 1334 4656 lutilis
1357 4607 1396 4656 ao
1418 4591 1578 4672 ventosa,
1604 4607 1708 4682 quarn
1727 4584 1801 4656 iura

283 4728 347 4778 suo
381 4703 611 4804 impugnabat
648 4705 715 4780 ille.
766 4706 816 4778 At
849 4705 901 4779 vel
933 4705 980 4778 sic
1008 4713 1124 4778 tamen
1158 4728 1225 4778 non
1253 4703 1389 4777 destitit
1414 4729 1435 4778 a
1459 4705 1517 4802 pia
1546 4727 1585 4776 ac
1611 4703 1802 4776 verecunda

280 4845 397 4906 rerum
431 4825 624 4899 divinarum
661 4825 941 4925 perscrutatione.
992 4827 1025 4898 A
1057 4825 1132 4898 Deo
1166 4825 1257 4898 enim
1290 4824 1357 4898 sibi
1382 4824 1504 4898 datum
1527 4847 1602 4897 esse
1626 4823 1803 4922 gaudebat
