4926 6180
461 1523 683 1584 runrroaas
704 1523 989 1597 uuurrrssnu,
1011 1523 1329 1586 axomarrssrurr
1359 1501 1362 1508 '

310 1905 447 1992 Rediit,
480 1904 615 1980 favente
642 1905 735 1994 Deo,
773 1905 847 1980 dies
880 1904 1010 1994 festus,
1046 1930 1115 2004 quo
1142 1905 1350 1982 Academiae
1386 1911 1521 1979 nostrae
1548 1899 1679 1976 natales
1704 1897 1786 1972 laeti

261 2023 549 2100 concelebramus.
586 2023 689 2096 Anno
716 2031 834 2098 autem
863 2025 1028 2122 superiori
1054 2025 1266 2098 decessorem
1292 2049 1409 2100 meum
1434 2019 1784 2106 aestumatissimum,

262 2169 372 2244 quum
398 2143 506 2216 fasces
533 2151 695 2240 poneret,
719 2142 857 2242 egregie
891 2143 1017 2217 dixisse
1041 2143 1085 2217 de
1111 2143 1248 2216 decreto
1274 2143 1404 2242 Regio,
1437 2166 1508 2240 quo
1530 2138 1636 2212 huius
1661 2135 1789 2210 saeculi

262 2289 353 2337 anno
374 2263 507 2358 decimo
529 2263 652 2360 quinto
672 2263 707 2336 in
731 2263 906 2360 integrum
927 2265 1086 2337 restituta
1109 2273 1162 2336 est
1184 2262 1373 2338 Academia
1397 2260 1579 2356 omnisque
1598 2257 1788 2332 instaurata

260 2381 470 2457 Academica
500 2381 691 2473 institutio,
726 2382 804 2480 quis
831 2393 884 2456 est
910 2383 1000 2456 inter
1022 2383 1111 2470 Vos,
1146 2382 1207 2480 qui
1240 2407 1308 2456 non
1347 2378 1568 2456 meminerit?
1617 2373 1789 2449 Laudavit

261 2527 319 2577 ore
346 2501 495 2575 facundo
526 2501 619 2589 illius
654 2500 781 2574 decreti
808 2501 1046 2575 liberalitatem
1076 2501 1373 2599 institutionisque
1396 2497 1623 2574 Academicae
1650 2495 1788 2568 liberta·

263 2629 352 2706 tem,
387 2619 492 2692 nullis
523 2618 592 2690 sere
627 2619 757 2690 finibus
787 2619 1101 2720 circumscriptam,
1126 2621 1222 2694 nullo
1245 2644 1314 2693 non
1339 2617 1520 2719 praeconio
1545 2613 1787 2690 extollendam.

264 2739 319 2813 Sic
344 2737 508 2812 nobis.in
533 2745 684 2810 mentem
719 2739 887 2812 revocavit
910 2740 1004 2838 ipsa,
1042 2765 1130 2838 quae
1162 2739 1336 2848 legislator
1362 2745 1502 2812 secutus
1535 2748 1588 2810 est
1621 2734 1658 2806 in
1686 2731 1790 2806 rebus

264 2856 480 2932 Academicis
504 2856 721 2944 ordinandis,
746 2857 929 2955 principia,
954 2867 1059 2956 atque
1082 2857 1257 2932 neminem
1277 2856 1375 2930 facile
1393 2866 1512 2954 optare
1535 2852 1790 2952 pronuntiavit,

265 2989 304 3050 ut
329 3001 418 3050 nova
441 2976 516 3064 lex,
541 3001 621 3050 mox
645 2975 843 3064 condenda,
869 2977 944 3050 aliis
969 3001 1074 3075 quam
1099 2977 1192 3050 hisce
1213 2975 1345 3049 nitatur
1368 2973 1556 3074 principiis.
1606 2969 1790 3046 Adsentie-

264 3097 392 3172 bantur
420 3119 558 3182 omnes,
594 3095 631 3168 ni
656 3095 770 3184 fallor,
797 3095 845 3169 rei
871 3096 971 3194 periti
980 3131 989 3186 3
1026 3121 1088 3170 nec
1116 3121 1198 3170 sane
1229 3103 1317 3182 erat,
1343 3094 1438 3192 quod
1471 3117 1537 3190 ego
1572 3089 1790 3166 dissentirem

267 3227 327 3292 aut
351 3217 386 3289 in
412 3215 666 3312 elegantissima
699 3215 758 3288 illa
789 3215 941 3290 oratione
976 3215 1166 3314 quidquam
1201 3214 1441 3288 desiderarem.
1491 3211 1558 3286 Vel
1591 3210 1640 3284 sic
1674 3218 1791 3284 tumen

264 3360 374 3408 unum
400 3335 502 3408 hodie
528 3333 629 3406 dictis
662 3333 788 3408 addere
812 3334 927 3421 liceat,
963 3335 1088 3432 idque,
1114 3359 1169 3408 me
1194 3333 1327 3420 iudice,
1351 3331 1614 3430 gravissimum,
1640 3327 1745 3426 quod‘
1760 3327 1793 3402 si

265 3463 433 3540 tacerem,
459 3478 523 3528 nae
547 3478 612 3550 ego
635 3453 745 3526 officio
769 3477 846 3526 mee
871 3453 1037 3526 dc'e'ssem.
1088 3451 1265 3525 Nimirum
1289 3462 1368 3550 post
1389 3451 1564 3526 laudatam
1592 3448 1791 3525 libertatem

265 3573 329 3647 hoo
354 3573 585 3669 maximopere
611 3570 817 3668 sperandum
847 3597 921 3646 esse
947 3581 1109 3658 autumo,
1134 3570 1205 3660 iore
1232 3581 1271 3644 ut
1299 3571 1485 3667 unicuique
1508 3567 1728 3666 disciplinae,
1753 3565 1791 3640 in

265 3692 399 3789 cyclum
422 3691 667 3765 Academicum
694 3690 775 3764 olim
799 3701 973 3789 receptae,
999 3691 1093 3764 locus
1116 3715 1200 3764 suus
1226 3699 1360 3764 constet
1380 3690 1558 3786 honosque
1579 3694 1789 3786 permaneat.

266 3813 316 3886 Ea
342 3812 434 3884 enim
460 3820 513 3884 est
538 3809 692 3883 omnium
713 3808 847 3884 illarum
871 3810 997 3884 artium
1022 3810 1232 3896 liberalium,
1258 3835 1347 3907 quae
1371 3809 1416 3884 ad
1439 3807 1687 3883 humanitatem
1713 3829 1789 3902 per·

266 3930 397 4016 tinent,
431 3939 554 4002 mutua
586 3928 803 4002 necessitudo
825 3939 931 4027 atque
955 3929 1004 4002 ita
1027 3953 1147 4004 omnes
1171 3930 1271 4028 quasi
1296 3928 1503 4027 cognatione
1530 3925 1681 4024 quadam
1707 3947 1788 3998 con·

266 4049 439 4134 tinentur,
476 4058 515 4120 ut
551 4055 695 4120 cunctae
731 4047 798 4120 sibi
832 4047 979 4122 invicem
1007 4049 1144 4146 egregie
1174 4048 1306 4145 prosint
1335 4071 1473 4144 unaque
1506 4044 1625 4119 avulsa
1657 4052 1789 4118 ceterae

266 4167 453 4242 tabescant.
506 4166 628 4244 Quid?
665 4166 758 4262 quod
785 4166 859 4264 ipsa
890 4167 956 4240 lert
981 4167 1270 4255 Universitetum,
1306 4191 1396 4266 quae
1423 4166 1604 4250 dicuntur,
1639 4161 1726 4264 ratio
1756 4170 1791 4236 et

266 4287 415 4374 indoles,
442 4297 481 4358 ut
502 4285 708 4384 cognitionis
733 4285 923 4373 humanae,
958 4295 1039 4360 utut
1068 4287 1317 4385 amplissimae,
1342 4284 1438 4360 nulla
1462 4307 1541 4382 pars
1566 4305 1706 4380 prorsus
1730 4305 1790 4354 ne-

266 4407 428 4506 gligatur.
479 4405 532 4478 De
571 4405 756 4502 Theologia
794 4404 902 4502 igitur
936 4405 1246 4504 quomodocunque
1271 4414 1401 4480 statuat
1434 4404 1490 4478 lex
1518 4401 1676 4488 ferenda,
1713 4425 1790 4476 eam

267 4527 311 4600 ab
340 4522 616 4598 Academiarite
640 4523 797 4610 ordinata
827 4523 948 4596 abesse
984 4548 1052 4597 non
1080 4549 1180 4622 posse
1211 4524 1451 4622 unusquisque
1485 4522 1583 4598 laoile
1614 4520 1788 4618 intelligit.

269 4644 445 4723 Quodne
475 4665 576 4716 ame
610 4642 741 4716 dictum
776 4643 907 4741 putetis
940 4643 1047 4718 invita
1084 4643 1239 4718 ecclesia!
1291 4641 1389 4718 Haeo
1426 4643 1519 4718 enim
1550 4665 1614 4716 sus
1643 4640 1673 4714 si
1698 4641 1789 4716 bona
1911 4687 1916 4694 ·

268 4764 375 4852 norit,
400 4771 461 4836 aut
486 4785 551 4860 ego
580 4759 678 4836 fallor
707 4761 859 4860 egregie,
893 4773 954 4836 aut
979 4763 1065 4836 nihil
1091 4763 1215 4852 habet,
1241 4763 1336 4862 quod
1362 4761 1473 4864 magis
1498 4769 1655 4860 exoptet,
1682 4783 1788 4858 quem
