4926 6180
758 751 972 817 lunlctt
1008 752 1272 822 onutuun.
1731 755 1774 822 49

308 967 391 1066 Ipse
418 961 560 1038 historio
585 985 698 1060 neque
721 967 878 1037 eccurote
900 969 1056 1040 enarratu
1079 969 1133 1038 cot
1152 986 1265 1062 nequo
1288 963 1472 1062 eleganter.
1525 962 1687 1066 Conditio
1709 987 1771 1062 po-

261 1087 335 1186 puli
359 1092 498 1158 externo
522 1089 558 1156 et
581 1081 715 1158 interno
739 1105 800 1180 pro
822 1089 919 1182 perte
944 1090 1081 1160 tanturn
1106 1083 1321 1183 exponitur..
1349 1083 1485 1158 Relatio
1511 1083 1659 1158 ludaeos
1682 1083 1773 1158 inter

260 1215 296 1280 et
314 1212 448 1280 exteros
474 1225 542 1278 nou
565 1199 738 1276 definitur.
783 1199 970 1298 Ingenium
988 1201 1217 1290 Iudaeorum,
1243 1213 1368 1278 eorurn
1385 1203 1534 1278 rationes
1556 1209 1591 1276 ot
1611 1203 1771 1292 consiliu,

260 1327 311 1398 ris
344 1320 518 1419 religionis
549 1329 584 1394 et
613 1327 784 1394 sectorum
813 1319 1016 1408 certamino,
1048 1321 1190 1398 scientie
1213 1321 1388 1410 militarie,
1414 1331 1478 1398 oet.
1504 1347 1573 1397 non
1597 1323 1769 1422 explican-

259 1454 327 1518 tur.
376 1439 576 1538 Principum
612 1439 926 1516 (lhosmonoeorum
962 1441 1116 1530 indoles,
1148 1441 1293 1518 eliorum
1331 1442 1506 1541 religionis
1535 1441 1773 1541 libertatisque

260 1563 415 1638 studium
441 1559 614 1658 singulare
637 1567 673 1633 et
697 1583 833 1634 nummo
859 1559 1067 1659 reipublicae
1092 1561 1470 1660 gerendae-prudentie
1492 1569 1527 1636 et
1553 1561 1772 1659 imperatorie

261 1684 369 1757 virtue
391 1680 537 1766 eximio,
563 1679 706 1753 eliorum
727 1679 849 1756 inertia
870 1687 905 1754 et
925 1705 1029 1779 prove
1049 1681 1199 1780 portium
1213 1682 1335 1756 >studio
1355 1705 1476 1780 porum
1494 1681 1662 1780 explicato
1678 1691 1771 1757 sunt.

310 1802 429 1876 Oratio
453 1799 608 1898 impolito
632 1807 685 1873 eot
710 1809 745 1873 et
770 1824 871 1899 saepe
897 1799 1026 1876 vitioso.
1758 1825 1761 1828 ·

308 1923 433 2018 Itaque
462 1919 597 1994 conenit
627 1919 723 1994 Ordo
752 1919 816 1994 hoc
844 1943 1046 2017 responsum
1073 1945 1185 2018 neque
1211 1920 1362 2018 proemio
1389 1919 1535 2018 dignum
1560 1943 1634 1994 esec
1658 1943 1772 2018 neque

261 2041 397 2114 honore.
1050 2045 1054 2054 ‘
1616 2027 1618 2032 ¹

310 2159 367 2232 Ad
391 2159 531 2232 alterum
558 2158 815 2256 quaestionem:

358 2281 507 2365 Eorum,
543 2302 624 2376 quoe
652 2279 892 2356 Demosthenes
926 2281 1046 2354 uatuu
1088 2282 1124 2352 r'u
1161 2305 1232 2378 rep.
1275 2283 1507 2366 advesarios,
1542 2281 1614 2352 vitu
1650 2287 1685 2352 et
1718 2304 1774 2374 reo

270 2480 275 2490 ,
401 2405 520 2496 grutae
559 2405 778 2485 enarrentur,
816 2401 984 2498 ingenium
1021 2407 1055 2476 et
1089 2424 1196 2476 ruoreu
1228 2401 1478 2486 describantur,
1515 2400 1620 2497 deque
1656 2423 1766 2474 corum

408 2517 596 2591 rutr'our'brur
618 2525 653 2590 et
671 2519 820 2592 ceretio
842 2521 1000 2594 iudicium
1016 2522 1181 2612 seratur:

261 2636 395 2709 nullum
423 2636 519 2708 Ordo
542 2636 672 2734 occepit
697 2659 910 2735 responsum.

789 3287 925 3362 ORDO
949 3285 1250 3362 MEDIOORUM

243 3525 310 3600 'od
337 3525 572 3624 quaestionem
598 3527 806 3626 propositum
831 3526 966 3602 nullum
990 3526 1122 3625 occepit
1145 3549 1361 3624 responsum.

888 3839 1159 3852 ...ψ-..-

518 4071 752 4146 IUDIOIUM
778 4071 981 4145 ORDlNlS
1005 4068 1515 4147 lURlSCONSUL'I’ORUM.

314 4311 410 4384 Ordo
442 4312 766 4387 Iurisconsultorum
800 4313 886 4386 duos
917 4319 1140 4409 proposuerat
1171 4311 1405 4409 quaestiones-⁴
1421 4310 1465 4384 od
1495 4334 1642 4407 quorum
1671 4335 1776 4386 unenr

267 4453 468 4527 responsum
497 4433 629 4507 nullum
655 4433 795 4531 accepit.

315 4550 373 4622 Ad
400 4551 562 4640 alterum,
598 4577 667 4650 quo
688 4561 850 4650 rogatum
872 4559 964 4637 eret,
989 4559 1028 4624 ut
1047 4553 1281 4626 institueretur
1303 4551 1493 4649 duquinr'tr'o
1518 4553 1585 4627 ude
1603 4551 1785 4627 Reoier'oue

266 4677 300 4744 r'u
334 4675 445 4746 cauco
460 4673 691 4771 ·poeualr‘buo''
724 4696 829 4745 unam
863 4671 994 4770 occepit
1025 4671 1369 4757 commentationem,
1395 4669 1574 4744 notissimo
1600 4671 1662 4745 eod
1685 4671 1781 4746 heurl

268 4795 384 4892 inepto
410 4793 607 4892 inscriptum
631 4793 791 4866 lemmate
828 4801 887 4865 cut
907 4794 1028 4866 deouut
1052 4795 1159 4878 vireu,
1184 4799 1296 4866 tcmeu
1317 4799 1370 4865 eet
1394 4792 1566 4865 laudanda
1589 4794 1779 4867 voluutas?

270 4913 309 4986 ln
344 4939 414 5012 quo
448 4913 588 5010 quidem
621 4912 809 5013 opusculo,
845 4911 921 4985 licet
958 4911 1122 4986 nonnullo
1153 4910 1472 5010 deprehendentur,
1505 4935 1595 5010 quoe
1629 4913 1782 4988 auctoris

1591 5035 1611 5108 7
