4926 6180
868 707 1146 775 ORATIO.
1696 709 1766 774 Ἰ21

246 921 434 1021 plurimum
472 916 637 990 conseras.
690 919 771 994 Qua
801 917 836 990 in
869 943 926 1008 re,
963 927 1004 991 ut
1038 916 1074 988 in
1110 914 1232 990 ceteris
1268 915 1450 1004 omnibus,
1488 913 1657 1014 propitius
1689 913 1770 986 Tibi

247 1041 339 1115 adsit
365 1039 407 1112 D.
434 1039 477 1111 Ο.
504 1037 575 1112 Mt

297 1279 327 1350 ‚n
359 1275 596 1351 Professornm
629 1273 749 1348 ordine
786 1283 856 1348 tres
891 1283 1000 1349 morte
1034 1275 1215 1348 amisimus
1244 1275 1332 1348 viros
1366 1274 1592 1362 clarissimos,
1622 1271 1772 1370 collegas

248 1395 549 1481 honoratissimos,
581 1417 727 1490 quorum
764 1394 897 1492 primus
928 1394 1149 1493 octogenario
1181 1394 1294 1469 maior
1318 1403 1411 1482 eret,
1444 1393 1529 1467 alter
1555 1392 1641 1466 rude
1664 1392 1770 1466 dona·

249 1527 328 1604 tus,
353 1515 476 1588 tertius
500 1522 618 1587 autem
643 1522 723 1586 ante
743 1514 872 1586 multos
897 1539 1034 1588 menses
1060 1525 1129 1589 tam
1161 1514 1258 1614 gravi
1283 1514 1404 1588 morbo
1429 1521 1625 1612 correptus,
1651 1521 1691 1586 ut
1716 1510 1772 1584 vix

251 1660 327 1734 spes
357 1635 446 1708 vitea
470 1642 675 1731 superesset.
726 1631 792 1705 Vel
816 1634 865 1707 sic
886 1643 1002 1708 tamen
1023 1659 1090 1708 non
1123 1635 1197 1708 sine
1219 1635 1327 1709 enimi
1350 1634 1465 1708 dolore
1483 1642 1518 1708 et
1536 1633 1633 1706 luctu
1652 1655 1772 1731 peren·

248 1735 345 1827 tandi
367 1753 478 1827 officio
500 1752 663 1850 equidem
689 1752 826 1851 longor.
1114 1765 1118 1772 '

298 1991 485 2090 Octoginta
509 2001 545 2064 et
569 1999 638 2064 tres
664 2015 773 2064 annos
795 2000 898 2064 natus
921 1991 1094 2065 lohannes
1120 1992 1291 2065 Matthias
1316 1992 1463 2066 Schrant
1486 1992 1569 2064 anni
1590 1989 1775 2088 superioris

249 2113 378 2186 mensis
410 2111 540 2208 Aprilis
572 2111 628 2184 die
662 2114 709 2183 5¹⁰
735 2111 866 2209 placide
898 2120 1057 2184 mortuus
1089 2121 1161 2199 ert,
1192 2111 1549 2198 Amstelodamensis,
1575 2109 1777 2208 parentibus

249 2243 345 2306 ortus
378 2232 551 2318 honestis,
586 2256 607 2303 a
640 2231 787 2328 pueritia
810 2230 898 2304 inde
920 2231 1111 2305 sacerdotio
1136 2231 1351 2318 destinatus,
1382 2256 1445 2305 nec
1472 2231 1538 2304 nisi
1566 2241 1644 2329 post
1669 2230 1778 2304 varios

249 2378 350 2426 casus
384 2353 420 2424 in
449 2353 538 2426 hanc
569 2352 704 2425 delatus
740 2351 976 2425 Academiam.
1028 2351 1095 2424 Per
1122 2352 1260 2450 longam
1299 2359 1416 2425 autem
1453 2375 1622 2424 annorum
1656 2350 1778 2425 seriem

251 2473 363 2544 virum
399 2495 435 2544 se
464 2471 621 2568 probavit
656 2471 936 2568 integerrimum,
975 2471 1082 2544 animi
1110 2472 1237 2570 pietate
1260 2472 1507 2568 conspicuum,
1541 2495 1639 2545 verae
1665 2469 1779 2548 erudi·

250 2592 355 2664 tionis
386 2599 580 2675 amantem,
617 2590 853 2677 moderatum,
885 2590 1107 2677 modestum,
1133 2592 1227 2689 pacis
1257 2589 1443 2664 servandae
1468 2590 1780 2678 studiosissimum,

252 2709 387 2807 sibique
417 2709 454 2781 in
489 2707 651 2781 omnibus
679 2716 910 2796 constantem.
964 2710 1082 2783 Talem
1119 2711 1174 2783 Tu
1207 2717 1291 2784 eum
1321 2711 1424 2807 longo
1450 2735 1517 2785 usu
1540 2717 1702 2810 expertus
1724 2733 1779 2800 es,

252 2830 381 2928 optime
415 2827 583 2928 Hengelil
618 2853 660 2900 ex
691 2852 731 2900 eo
757 2827 838 2900 inde
871 2837 1048 2925 tempore,
1082 2829 1156 2926 quo.
1177 2830 1272 2927 ipse,
1297 2830 1369 2904 ruri
1394 2831 1542 2928 degens,
1567 2831 1719 2928 primum
1743 2829 1780 2902 in
1875 2918 1877 2923 Ι

253 2949 327 3021 eius
361 2946 519 3020 notitiam
553 2945 705 3031 venires,
740 2945 870 3019 sedne
894 2969 955 3042 per
975 2947 1149 3020 somnium
1178 2949 1366 3045 cogitares,
1391 2949 1427 3021 in
1452 2949 1570 3022 eadem
1601 2948 1665 3024 hac
1690 2951 1780 3022 Aca·

254 3067 367 3140 demia
389 3067 530 3139 tandem
558 3064 628 3138 Vos
652 3065 878 3138 coniunctum
903 3064 956 3137 iri.
1783 3137 1786 3155 ι

304 3186 435 3259 Scholia
456 3185 601 3282 praeviis
622 3185 791 3271 decursis,
812 3185 848 3258 in
872 3185 1052 3258 Athenaeo
1074 3184 1394 3260 Amstelodemcnsi
1414 3186 1592 3285 Lennepio
1612 3193 1647 3259 et
1670 3185 1779 3260 Swin·

255 3305 357 3378 denio
388 3329 473 3378 usus
503 3313 556 3377 est
580 3305 878 3403 praeceptoribus,
909 3304 1028 3402 ibique
1052 3329 1093 3378 ea
1120 3305 1202 3380 iecit
1226 3305 1401 3380 doctrinae
1425 3307 1630 3380 multifariae
1657 3305 1782 3380 lunda·

255 3433 387 3510 menta,
425 3433 464 3498 ut
499 3449 590 3498 anno
622 3425 726 3498 huius
754 3424 881 3498 soeculi
907 3423 1079 3498 tricesimo
1106 3427 1301 3500 secundos
1331 3427 1463 3501 Senatu
1485 3437 1619 3515 nostro,
1644 3425 1784 3500 honoria

254 3567 376 3628 cause,
401 3543 508 3634 creari
532 3551 648 3641 posset
681 3543 920 3641 Philosophiae
954 3543 1174 3617 Theoreticae
1204 3546 1390 3645 Magister,
1424 3547 1617 3620 literarum
1646 3545 1782 3620 Hume-

255 3663 390 3736 niornm
418 3663 556 3737 Doctor.
608 3663 806 3742 Quominus
832 3673 948 3736 sutem
975 3663 1067 3736 hunc
1097 3665 1247 3762 gradum
1279 3666 1414 3740 invenis
1439 3675 1648 3764 capesseret,
1672 3665 1782 3763 impe·
1900 3691 1904 3702 ·

256 3783 341 3856 divit
364 3783 563 3871 consilium,
590 3783 685 3881 quod
710 3791 866 3882 ceperat,
891 3783 1152 3858 Amstelodamo
1181 3785 1354 3884 migrandi
1379 3785 1415 3858 in
1438 3785 1660 3858 seminarium
1680 3783 1781 3858 War-

257 3903 459 3990 mondense,
477 3903 539 3976 ubi
553 3903 887 3977 Romano-catholici
901 3903 1131 3978 informantur
1148 3928 1322 3978 sacrorum
1338 3905 1511 3980 antistites
1526 3915 1561 3976 et
1576 3903 1781 3978 administri.

257 4024 340 4096 Post
362 4022 532 4096 indelessa
566 4023 699 4110 studia,
736 4032 874 4097 auctore
909 4023 1107 4121 praesertim
1143 4023 1271 4113 Lerio,
1306 4025 1376 4098 viro
1409 4023 1616 4111 clarissimo,
1650 4023 1782 4098 ibidem

257 4150 412 4239 peracta,
438 4167 529 4216 enno
560 4143 683 4216 aetatis
709 4143 995 4217 vicesimotertio
1029 4144 1218 4220 sacerdotio
1256 4145 1484 4242 inauguratus
1519 4152 1555 4215 et
1591 4141 1717 4216 deinde
1746 4145 1783 4218 in

259 4263 343 4336 urbe
370 4262 480 4360 patria
504 4287 565 4360 per
586 4264 740 4361 quinque
765 4287 873 4338 annos
899 4261 1015 4336 vicarii
1039 4263 1258 4338 ecclesiastici
1280 4286 1423 4338 munere
1448 4261 1587 4335 functus
1610 4270 1663 4335 est
1688 4263 1784 4360 apud

258 4382 526 4456 Beulrmannum
558 4393 742 4481 pastorem.
794 4385 836 4457 ln
871 4407 941 4481 qua
976 4383 1122 4456 statione
1155 4383 1314 4456 omnium
1346 4381 1516 4456 bonorum
1547 4405 1616 4456 non
1645 4389 1783 4459 tantum

260 4500 528 4574 benevolentiam
550 4501 671 4574 sibiet
693 4525 846 4576 amorem
869 4501 995 4574 mirum
1019 4501 1054 4572 in
1080 4499 1225 4587 modum
1251 4502 1462 4590 conciliavit,
1488 4502 1623 4590 sedet,
1648 4504 1784 4601 quoties

257 4620 293 4693 in
321 4629 524 4718 suggestum
550 4620 721 4718 prodiret,
757 4617 972 4716 eloquentiae
1006 4642 1119 4692 sacrae
1152 4617 1256 4691 laude
1288 4619 1337 4694 ita
1370 4619 1546 4707 excelluit,
1586 4629 1624 4692 ut
1659 4645 1785 4719 magna

258 4751 348 4814 esset
375 4749 410 4814 et
437 4751 598 4814 constans
620 4740 817 4814 auditorum
841 4739 1044 4837 frequentia.
1095 4739 1170 4812 Nec
1196 4738 1313 4814 minus
1337 4764 1378 4814 eo
1403 4749 1558 4837 tempore
1581 4741 1706 4816 studiis
1727 4767 1784 4818 va·

258 4861 347 4935 cavit
371 4861 536 4959 vanaque
562 4861 688 4958 scripte
711 4861 746 4934 in
770 4861 882 4936 lucem
905 4859 1024 4934 edidit.
1075 4859 1172 4932 Inter
1197 4857 1281 4934 haec
1304 4868 1422 4934 autem
1447 4884 1558 4958 quum
1587 4867 1623 4934 et
1657 4861 1786 4938 avitum
