4926 6180
581 706 585 712 ⁸
665 633 708 700 20
1101 736 1104 742 ,
1248 641 1272 707 1.
1320 633 1599 707 LPlllllS

663 848 812 915 exeunte
842 842 941 918 adest
971 853 1110 943 tempus
1138 845 1359 934 autumnale,
1393 845 1502 921 instat
1528 842 1649 916 biems.
1682 839 1772 918 ,Par
1798 839 2017 938 componitur
2037 838 2073 914 in
2097 841 2182 915 Ger·

663 959 800 1049 menia,
835 987 903 1036 non
936 963 1056 1038 leviter
1091 973 1304 1038 commutate
1335 967 1495 1064 Europae
1530 962 1634 1048 fecie,
1667 958 1760 1033 selva
1793 967 1908 1032 tamen
1943 957 2054 1056 patrie
2083 959 2184 1034 nobis

662 1079 847 1155 carissime.
899 1083 973 1156 lem
1007 1105 1106 1170 vero,
1132 1083 1217 1182 proh
1243 1083 1358 1158 dolor!
1384 1085 1475 1158 inter
1503 1087 1673 1156 nostrates
1699 1077 1813 1177 gravis
1838 1077 2006 1176 quaedem
2033 1078 2185 1152 exoritur

663 1197 829 1274 dissensio
860 1199 990 1288 civilis,
1027 1202 1254 1277 dimittuntur
1280 1203 1325 1276 ab
1354 1203 1602 1304 augustissimo
1624 1201 1721 1298 Rege
1743 1197 1880 1272 ordines
1903 1198 2098 1296 generales,
2123 1198 2182 1272 be·

662 1314 764 1390 betur
788 1343 850 1416 per
874 1343 996 1392 omnes
1018 1321 1229 1418 provincias,
1255 1321 1291 1394 in
1312 1323 1460 1398 urbibus
1484 1322 1673 1422 pagisque,
1699 1343 1786 1392 nove
1806 1317 2023 1392 comitiorum
2046 1319 2183 1408 electio,

664 1435 913 1511 dissidentibus
944 1439 1035 1512 inter
1064 1465 1139 1514 sese
1172 1450 1207 1514 et
1238 1442 1485 1518 dimicantibus
1513 1441 1697 1526 acerrime,
1728 1448 1764 1512 et
1786 1438 1860 1510 sine
1880 1437 2025 1537 gladiis,
2051 1438 2184 1512 civibus

663 1556 788 1630 nostris
818 1556 862 1632 de
896 1558 1026 1657 patriae
1055 1560 1166 1633 salute
1190 1563 1311 1658 quovis
1338 1564 1469 1637 meliori
1496 1561 1590 1636 modi
1618 1557 1748 1634 tuenda
1770 1567 1809 1632 ac
1836 1557 2077 1656 promovenda.
2115 1558 2184 1633 Sed

664 1698 734 1770 quo
767 1699 823 1747 me
854 1676 944 1774 repit
976 1678 1057 1750 anni
1089 1680 1264 1777 praeteriti
1296 1681 1421 1756 flebilis
1450 1681 1665 1757 recordatio?
1710 1677 1888 1752 Nonnulla
1917 1684 2055 1751 tantum
2084 1678 2183 1777 tetigi

661 1793 850 1892 leviterque
881 1797 1075 1893 perstrinxi.
1126 1799 1224 1872 Haec
1256 1801 1372 1875 omnia
1407 1826 1486 1876 vero
1519 1800 1548 1874 si
1581 1799 1666 1874 mibi
1694 1797 1803 1871 Vobis
1831 1797 2021 1871 enarranda
2049 1805 2183 1886 essent,

664 1937 729 1986 vox
761 1913 847 1987 mibi
878 1923 912 1988 et
943 1915 1050 1990 latera
1083 1916 1240 2016 viresque
1273 1919 1469 1995 deficerent.
1521 1918 1709 1994 Infandum
1736 1941 1898 1990 renovare
1923 1916 2074 1991 dolorem
2096 1917 2184 1992 festo

664 2030 721 2104 die
751 2033 830 2130 quis
862 2033 1054 2110 sustineat?
1090 2037 1186 2126 Nec,
1220 2039 1314 2136 quod
1339 2039 1528 2126 laetamur,
1558 2038 1704 2113 erebus
1725 2037 1801 2112 istis
1825 2036 1974 2134 publicis
1998 2061 2186 2136 earumque
2306 2095 2312 2106 .

664 2150 959 2226 vicissitudinibus
989 2155 1038 2228 ita
1064 2157 1305 2254 pependerunt
1330 2167 1466 2235 nostrae
1490 2158 1697 2233 Academiae
1720 2156 1790 2230 late
1816 2165 1887 2230 tam
1913 2156 2056 2230 adversa
2079 2182 2183 2254 quam

664 2293 845 2368 prospere,
879 2281 918 2346 ut
948 2273 1022 2346 sine
1044 2274 1112 2348 illis
1139 2277 1221 2351 haec
1249 2278 1396 2377 intelligi
1422 2286 1606 2376 nequeant.
1658 2279 1878 2375 Quapropter
1900 2274 2063 2349 brevibus
2085 2275 2185 2350 nobis
2221 2366 2225 2375 1

663 2413 738 2464 esse
763 2390 889 2466 licebit.

714 2627 770 2701 Dc
805 2629 1032 2706 curatoribus
1068 2631 1295 2721 Academiae,
1328 2631 1420 2706 Viris
1442 2632 1684 2730 amplissimis,
1709 2631 1795 2704 nihil
1818 2629 1948 2718 habeo,
1974 2631 2069 2729 quod
2091 2655 2182 2704 corn·

666 2770 873 2837 memorem,
909 2751 976 2824 nisi
1008 2751 1092 2839 hcc,
1128 2775 1197 2849 quo
1222 2752 1308 2826 nihil
1334 2752 1447 2826 maius
1472 2761 1545 2838 est,
1570 2775 1690 2825 omncs
1713 2751 1914 2850 superstites
1940 2775 2014 2824 esse
2036 2760 2071 2824 et
2092 2749 2184 2824 ioco·

664 2865 776 2942 lamas
812 2877 916 2967 utque
952 2870 1057 2945 rebus
1092 2871 1239 2957 nostris,
1277 2881 1318 2944 ut
1347 2871 1475 2957 solent,
1510 2871 1697 2968 prudenter
1724 2870 1910 2944 consulere.
1961 2871 2186 2944 Gratulamur

663 2985 791 3074 Vobis,
822 2988 899 3060 Viri
930 2990 1069 3088 optimil
1102 2989 1282 3064 florentem
1312 2989 1520 3066 Academiae
1547 2998 1698 3078 statum,
1733 2998 1875 3064 auctum
1898 2990 1962 3064 hoo
1985 3015 2077 3064 anno
2103 2991 2186 3064 Pro·

662 3105 829 3180 fessorum
853 3133 1059 3195 numerum,
1084 3109 1248 3184 iuvenum
1277 3110 1507 3184 studiosorum
1533 3110 1760 3208 frequentiam
1784 3118 1818 3182 et
1840 3109 2066 3208 diligentiam.
2098 3111 2180 3184 'I'ss-

664 3231 783 3300 tantur
814 3226 899 3302 haee
927 3228 1062 3318 omnia,
1096 3230 1200 3304 etiam
1225 3238 1459 3316 maturante,
1486 3230 1573 3304 nihil
1598 3257 1619 3304 a
1642 3229 1750 3304 Vobis
1776 3231 1984 3304 intentatum
2013 3230 2180 3328 relinqui,

664 3367 734 3440 quo
768 3348 960 3442 promoveri
993 3349 1102 3447 possit
1137 3349 1365 3424 iustitutionis
1397 3350 1526 3437 avitae,
1561 3350 1654 3424 curis
1680 3350 1800 3422 vestris
1825 3331 2070 3437 demandatae,
2104 3373 2180 3448 per·

662 3473 769 3560 petua
789 3467 1005 3564 prosperitas.
1052 3469 1209 3566 Pergite,
1236 3495 1383 3567 quaeso,
1409 3471 1612 3544 auctoritate
1634 3470 1758 3548 Vestra
1779 3469 1878 3544 nobis
1898 3470 2019 3544 adesse
2036 3475 2071 3542 et
2091 3493 2181 3567 quea

663 3583 853 3660 etiamnum
881 3589 1016 3685 agenda
1040 3597 1171 3664 restent
1194 3589 1239 3662 ad
1259 3598 1417 3687 optatum
1446 3591 1549 3664 finem
1573 3589 1778 3687 perduceret
1816 3589 1917 3664 Valet
1938 3589 2003 3664 hoc
2024 3589 2182 3688 inprimis

662 3701 706 3776 de
730 3707 938 3782 exstruendo
967 3733 1055 3782 novo
1080 3715 1116 3782 et
1140 3709 1297 3807 ampliori
1323 3709 1530 3784 Nosocomio
1555 3709 1782 3796 Academico,
1816 3709 1910 3808 quod
1934 3710 1970 3782 in
1997 3709 2083 3782 rotis
2110 3717 2181 3796 est,

663 3843 707 3896 ne
728 3824 771 3897 de
795 3825 859 3898 hoc
884 3827 1057 3914 aedificio,
1083 3829 1266 3902 Musarum
1290 3828 1370 3901 sede
1391 3853 1513 3926 perum
1538 3829 1699 3916 honeste,
1724 3837 1941 3927 praemature
1968 3827 2093 3902 dicam.
2125 3827 2182 3902 Sic

661 3949 778 4016 autem
811 3943 979 4020 hebemus
1012 3971 1114 4034 sane,
1147 3947 1241 4046 quod
1274 3945 1317 4019 de
1349 3948 1398 4021 'Pe
1429 3948 1595 4022 Curatore
1627 3947 1718 4020 bona
1741 3948 1882 4046 quaevis
1906 3947 2006 4020 nobis
2034 3970 2181 4043 augure·

662 4083 759 4148 mur,
795 4064 1020 4162 Amplissime
1058 4057 1124 4142 van
1160 4066 1227 4140 den
1261 4067 1467 4140 Brandclerl
1515 4068 1642 4142 'lenuit
1671 4067 1720 4142 Te
1750 4075 1870 4175 antea,
1903 4091 2012 4166 quum
2047 4066 2084 4140 in
2119 4066 2183 4140 hac

663 4180 854 4256 Academia
887 4185 1083 4274 versareris,
1119 4186 1165 4260 ed
1195 4185 1307 4259 Petris
1343 4186 1561 4284 exemplum,
1594 4187 1784 4262 medicinae
1819 4211 1915 4262 amor
1945 4195 1980 4260 et
2014 4186 2182 4260 studium.

665 4298 733 4372 Sed
766 4309 821 4389 et,
859 4305 1100 4402 magistratum
1134 4305 1328 4403 ingressus,
1361 4307 1486 4379 almam
1524 4313 1667 4380 matrem
1696 4307 1806 4380 colere
1832 4331 1900 4380 non
1926 4307 2067 4382 desiisti.
2119 4303 2181 4377 Di-

667 4428 801 4494 centem
827 4423 876 4496 Te
897 4424 1018 4498 audire
1045 4423 1210 4510 memini,
1236 4423 1273 4497 id
1301 4424 1518 4521 potissimum
1540 4425 1621 4498 Tibi
1644 4450 1718 4500 esse
1741 4426 1889 4524 gaudio,
1915 4427 2008 4524 quod
2034 4427 2070 4500 in
2093 4424 2184 4498 desi·

668 4539 875 4619 deretissimi
910 4543 1152 4642 Siegeubeelrii
1183 4544 1296 4618 locum
1313 4577 1318 4589 ·
1333 4545 1518 4632 suffectus,
1550 4569 1618 4620 nou
1650 4545 1797 4620 civitatis
1824 4553 1961 4619 tantum
1984 4543 2183 4630 Leideasis,

669 4660 729 4734 sed
762 4661 971 4736 Academiae
1001 4663 1104 4738 etiem
1140 4687 1258 4738 curem
1285 4688 1404 4760 gerere
1431 4664 1550 4762 possis.
1601 4664 1704 4738 Hanc
1726 4671 1842 4738 autern
1868 4687 1985 4738 eurem
2008 4687 2071 4763 pru
2097 4661 2186 4736 uirili

670 4779 817 4856 fideliter
839 4782 994 4879 agendo,
1026 4805 1125 4881 spero
1145 4782 1216 4856 fore
1240 4791 1280 4856 ut
1302 4783 1346 4857 ed
1371 4783 1552 4881 utriusque
1571 4783 1716 4860 salutem
1734 4785 2041 4858 consummandam
2064 4807 2187 4881 quem·
